793 1122
273 51 60 20 - 4 -

20 77 742 28 Eltern genommen. Mein Bruder war in demselben Erholungsheim mit Deinem

21 100 741 23 Herrn Bruder voriges Jahr zusammen und ist dort gestorben. Das ist das

20 117 311 25 Heim, wo die Tante jetzt ist.

72 143 711 21 Das Schrecklichste war, wie die Einbrecher hier waren und uns alles

20 159 741 25 gestohlen haben. Damals waren wir 3 Tage im Keller versteckt und haben

21 178 637 22 uns nicht hinaus gewagt. Kann man da noch zu Gott vertrauen?

71 201 661 23 Schau liebes Tanterle, der "Onkel" ist so schlecht zu uns, ich

19 222 721 21 darf in kein Kino gehen, in kein Theater, ich darf nicht in den Park

20 239 740 22 gehen, manche Tage darf ich mich nicht auf der Strasse zeigen. Ich das

21 258 740 20 nicht genug? Ich bin noch nicht ganz 12 Jahre, aber manches Mal glaube

19 274 403 23 ich, dass ich schon 100 Jahre alt bin.

72 300 708 20 Aber jetzt will ich damit aufhӧren, sonst wirst Du noch bӧse. Hansi

19 313 719 24 ist jetzt ganz bei der Frau F., sie bekommt für ihn 15 Mark im Monat

21 334 717 22 von der Gemeinde und ich esse im Mӓdchenhort. Hansi ist sehr schlimm

21 352 748 21 aber ein goldiger Spitzbub. Ich schicke Dir ein Bild von ihm. Er wollte

23 368 764 22 nicht ruhig stehen bleiben, so haben wir ihm die Hӓnde am Gitter angebun-

19 388 730 20 den. Ich habe ihn fotografiert. Im nӓchsten Brief schicke ich Dir ein

20 402 738 23 Bild von mir. Meine Tante hat einen Anwalt. Sonst weiss ich Dir nichts

18 420 140 25 zu schreiben.

424 436 123 25 Deine Leni.

539 470 164 28 Wien, Mai 1939.

13 500 249 29 Liebes, liebes Tanterle,

87 530 688 23 Habe Deinen lieben Brief erhalten und mit grosser Freude gelesen.

15 547 730 26 Ich freue mich immer, wenn du mir schreibst. Was das Thema Gott anbe-

17 567 761 22 trifft, so mӧchte ich Dich einmal fragen, was Du Dir darunter eigentlich

16 584 730 20 vorstellst. Du wirst mir zur Antwort haben, Gott ist eine unsichtbare

16 599 719 23 Macht, aber man muss trotzdem daran glauben. Jetzt werde ich Dir ein

14 618 721 23 kleines Beispiel schreiben. Wenn ich Dir schreibe, ich habe Dir 1000

15 637 750 22 Mark geschickt, aber Du wirst es nie erhalten, das Geld bleibt unsicht-

17 655 749 21 bar, wirst Du mir das glauben? Du wirst mir zur Antwort geben, Du wirst

14 672 731 21 mir das glauben, bis Du es siehst. Dasselbe sage ich auch. Ich glaube

14 687 776 27 nur, was ich sehe. Auch schreibst Du mir, Du kӧnntest mir Fӓlle schreiben,

15 707 720 21 was Du gesehen hast. Liebes Tanti, das was ich gesehen habe, hast Du

16 724 741 24 sicher noch nicht gesehen. Aber nun will ich das Thema wechseln, sonst

13 742 248 21 wirst Du mir noch bӧse.

86 762 684 29 Ich denke immer sehr viel nach über alles und ich sage immer das,

14 786 739 20 was ich mir denke. Es tut mir sehr leid, dass Du so ein schwaches Herz

14 803 725 22 hast. Wenn ich bei Dir wӓre, so hӓtte ich Dir alle Arbeit abgenommen.

14 820 720 23 Ich kann schon ein bisserl kochen. Ich kann Kaffee kochen und Powidl

14 837 725 24 Knӧdel habe ich auch schon gemacht. Ich schicke Dir ein Bild von mir,

14 856 735 23 ich habe alles an, was Du mir geschickt hast. Du wirst mich auslachen,

14 873 755 23 weil ich mit der Puppe fotografiert bin. Ich spiele manchmal noch gerne.

14 891 740 23 Bitte lache mich nicht aus und sei mir nicht bӧse. Es freut mich, dass

13 908 720 24 Du zum Komité gehen willst. Vielleicht kannst Du was ausrichten. Ich

14 927 739 22 wӓre Dir sehr dankbar.… Bitte schreibe mir bald wieder. Deine Briefe

15 947 729 22 sind ein grosser Trost für mich. Für heute viele Grüsse und Millionen

14 964 81 24 Busserl

439 978 226 25 Deine Leni und Hansi.
