2493 3563
1646 240 683 86 Nisko, 7.Dezember 1939.

992 478 871 100 Israelitische Kultusgemeinde

1589 638 392 83 W i e n .

840 878 1551 86 Die Teilnehmer des ersten und zweiten Wiener Trans-

398 944 1901 71 portes haben ihre Dokumente während der Reise an das Transport-

398 997 1952 80 kommando abgegeben und dieselben bis jetzt nicht zurückerhalten.

398 1048 1961 77 Unsere Rückfrage, sowohl hier, als auch in Nisko nach dem Verbleib

401 1101 1895 71 der Dokumente ist bisher resultatlos geblieben und es wurde mir

395 1152 1884 68 von einem der Wiener Lagerinsassen mitgeteilt, dass nach seinen

398 1205 1993 65 Informationen die Dokumente wieder zurück nach Wien geschickt wor-

398 1258 291 69 den sind.

840 1300 1584 80 Ich bitte Sie daher die Angelegenheit zu untersuchen

392 1359 1860 63 und uns mitzuteilen, wo sich die Dokumente befinden; sind sie

392 1407 1887 62 wirklich in Wien, würde ich dieselben für die hier befindlichen

1479 1451 128 72 dann

395 1457 561 75 Wiener ansprechen.

843 1499 1489 74 Bei dieser Gelegenheit erlaube ich mir Ihnen fol-

386 1552 627 81 gendes mitzuteilen:

849 1594 1424 80 Ich hatte die Genugtuung, gestern, am Vorabend des

392 1659 1997 63 Chanuka-Festes, den Ostrauer Insassen des Lagers 2 sehr herzliche

395 1704 1904 74 Briefe der M. Ostrauer Kultusgemeinde vorzulesen und dadurch zur

392 1754 1854 75 Hebung der Festesfreude beizutragen, ganz zu schweigen von den

398 1811 1967 68 Liebesgaben, die zufällig am gleichen Tage zur Verteilung gelangen

401 1858 1866 77 konnten, – selbstverständlich genau so an die Wiener, wie an die

392 1909 356 83 M. Ostrauer.

846 1953 1495 80 Ich weiss, dass die Wiener Kultusgemeinde und auch

392 2007 1964 74 die Angehörigen der hiesigen Wiener heute nicht in der Lage sind,

398 2063 2017 71 materiell dasselbe zu leisten, wie die Kultusgemeinden des Protekto-

395 2111 1860 71 rats und es werden daher – wie bereits erwähnt – die Wiener in

398 2152 1910 83 Verpflegung und Ausrüstung in keiner Weise von uns den Ostrauer

395 2214 980 75 Leuten gegenüber zurück-gesetzt.

849 2265 1433 74 Gerade deswegen aber wäre es gut, wenn die Leute

395 2307 1973 77 das Gefühl hätten, wenigstens moralisch von den in der Heimat Ver-

407 2363 1990 80 bliebenen nicht vergessen zu sein; dazu wäre bloss notwendig, dass

407 2407 2023 84 Sie ab und zu ein paar herzliche Worte an die jüdische Lagerleitung

404 2455 2017 86 richten würden; ich würde mit besonderer Freude den Angehörigen der

404 2514 1542 81 Wiener Kultusgemeinde solche Grüsse verdolmetschen.

879 2565 1545 71 Ich kann Ihnen den Vorwurf nicht ersparen, dass dies

395 2609 2017 84 bis jetzt nicht geschehen ist und ich hier die sehr undankbare Auf-

404 2666 1931 83 gabe auf mich nehmen muss, die Wiener Kultusgemeinde den hiesigen

404 2713 1907 86 Lagerinsassen gegenüber in Schutz zu nehmen. Die nicht besonders

407 2761 2020 89 gute Stimmung der Wiener ist nicht zuletzt auf dieses Verhalten der

404 2817 1185 83 Wiener Kultusgemeinde zurück-zu-führen.

888 2859 1539 86 Sie werden es mir nicht übel nehmen, wenn ich meiner

398 2903 2077 98 Ueberzeugung offen Ausdruck gebe, es geschieht dies im Interesse Ihrer

410 2989 371 84 Angehörigen.

1455 2972 378 74 Beste Grüße

1542 3022 243 71 Schalom

1340 3081 956 93 Für die jüdische Lagerleitung:
