800 984
353 69 60 21 - 3 -

101 95 604 31 eine Gasbombe. Diese ist urspruenglich nur fuer 1300 Personen

100 116 654 24 bestimmt, aber weil die Deutschen Gas sparen mussten und ausserdem

101 135 623 21 noch vorhatten, viel Menschen zu vernichten, so gebrauchten sie

101 151 653 23 eine Gasbombe fuer 3000 Personen. Jetzt merkten die Ungluecklichen

100 168 644 20 schon, dass man sie gefoppt hatte.- An dem immer leiser werdenden

100 185 644 20 Gewein merkte man dann, dass sie betaeubt waren. Die Tuere öffnet

100 200 614 21 sich und es treten Haeflinge in gestreiften Kleidern ein, auf

99 217 597 19 der Stirn taetowriert.  Es sind juedische Maenner und mehr als

100 230 625 23 einmal ist es passiert, dass er seine Eltern oder Frau mit Kind

100 248 643 22 zwischen den Leblosen erblickte. Die Arbeit der Maenner ist jetzt

100 265 632 21 die Gaskammer fuer den naechsten Schub frei zu machen, denn noch

100 281 624 21 viele tausende warten draussen auf das Bad. "Es ist eine Arbeit

100 295 654 23 am laufenden Band". Sind dann alle "erledigt", so faengt man an zu

100 313 633 24 brennen. Die Oefen sind eingerichtet, um drei Leichen auf einmal

100 328 625 23 zu verbrennen. Durch den breiten, viereckigen Schornstein kommt

101 345 623 25 bald ein nicht zu beschreibendes hohes Feuer, das man Kilometer

100 361 625 21 weit sieht. Solche "Badhaeuser" waren es. Zu der Seit als wir

100 378 622 22 nach Auschwtiz kamen, brachte man gerade die ungarischen Juden.

100 393 626 23 Diese waren alle sehr kinderreich und bald konnte man die viele

101 406 652 26 Arbeit nicht bewaeltigen. Man schaffte folgende Abhilfe. Es wurden

101 425 662 22 tiefe Gruben gegraben und mit Chlorkalk gestreut. Dann warf man die

102 440 594 25 lebendigen Kinder !! hinein and zuendete an. Die Leichen der

102 456 643 25 Erwachsenen stappelte man so: eine Lage Menschen, eine Lage Holz

101 473 654 25 und auch dies zuendete man ebenfalls an.- Dies ist nur ein kleiner

101 489 586 25 Einblick in die Methoden, die die Deutschen gegen die Juden

101 506 625 25 angewandt haben. - Nachden wir also 2 Monate im Lager waren und

102 522 594 24 bereits alles wussten, kam eines Tages der Befehl, dass die

101 538 615 26 Familienlager aufgeloest werden muessen. Der Arzt kam und bald

101 553 630 26 began die grosse Sortierung. Jeder musste nackt an den "Herren"

102 570 671 28 vorbeilaufen. Nicht einen Tag dauerte dies. Nein 3 Wochen hatten wir

100 587 634 24 Zeit, uns die Herzen zu zerreissen, denn wir wussten, dass Vati,

102 603 622 25 der in den zwei Monaten sehr runtergekommen war, nicht mehr als

102 619 603 25 arbeitsfaehig anerkannt wurde. Mutty fuhr mit einem Arbeiter-

102 633 623 27 transport nach "Stutthot" (Danzig). Ruth und ich gingen mit den

102 650 653 26 andern Zwillingen in das grosse Frauenlager. Vati ging am 10. Juli

103 667 581 25 nachts mit achttausend anderen den Weg in den Maertyrertod.

104 681 642 30 In dieser Nacht have ich draussen gestanden und auf die geschlos-

104 699 609 27 senen Autos geschaut, die fortwaehrend zum Krematorium fuhren.

105 712 668 31 Ich wusste, dass in einem dieser Autos Vati sitzt und ein letztesmal

104 730 651 27 an uns denkt. Das Feuer im Kamin hat gelodert und es hat wie stets

104 748 613 26 in Birkenau nach verbrannten Knochen gerochen. Aber auch diese

105 763 612 28 Nacht ist vorbeigegangen und wir haben trotz aller Grausamkeit

105 780 563 26 den Verstand nicht verloren. Auch haben wir uns nicht wie

105 792 652 32 Verzweifelte gebaerdet. Nein, das Entsetzen war so gross, dass wir

105 811 622 29 apathisch geworden sind. Das Brom, das in jeder Suppe, in jedem

106 828 614 27 Brot war, hat ebenfalls betaeubt.- Dadurch, dass wir Zwillinge

105 843 619 30 waren, nahm uns bald als "Laeuferin". Wir hatten die Aufgabe,
