793 1122
282 44 60 19 - 2 -

38 93 703 22 Sie hat immer so lieb von Ihnen gesprochen. Und Bilder von Ihnen und

41 111 702 22 Ihrem Tӧchterchen hat sie mir gezeigt. Also nochmals vielen Dank, es

38 128 197 25 grüsst Sie bestens,

279 141 164 22 Leni und Hansi.

39 168 724 24 Ich geh morgen ins Spital, hoffentlich kann Ihnen die Tante schon sel-

40 187 145 24 ber schreiben.

462 215 202 28 Wien, 10.III. 1939.

34 260 244 23 Meine liebe gute Tante,

96 284 678 23 Deinen lieben Brief habe ich erhalten, Und ich danke Dir vielmals,

37 302 731 22 dass Du mir erlaubst, dass ich Dir Tante sagen darf. Ich habe Dich auch

37 318 722 23 lieb und die Tante Anna auch, weil die Tante Martha Euch lieb hat. Sie ist

38 335 711 23 leider noch sehr krank und kann nicht selber schreiben. Ich und Hansi

37 354 724 20 sind bei einer Frau im selben Haus. Ich will nicht mehr auf Hansi auf-

37 371 701 22 passen. Er ist sehr schlimm. Er lӓsst sich nicht von mir waschen und

37 386 698 23 anziehen. Er beisst und kratzt mich immer und schreit immer nach der

36 404 749 25 Mamma. Ich gehe zur Schule. Die Frau Lehrerin hat mich gerne. Die Sachen,

36 421 702 22 die Du geschickt hast, werden Tante Martha passen, weil sie ist sehr

34 436 704 24 mager geworden. Mir sind die Sachen zu gross, aber Tante Martha wird

33 456 483 24 mir alles richten, bis sie gesund ist .........

451 495 187 27 Wien, Mӓrz 1939

30 542 234 26 Liebes gutes Tanterle,

102 569 657 23 Deine Karte ist gestern angekommen. Die Adresse vom Spital kann

32 587 743 21 ich Dir trotzdem nicht schreiben. Liebe Tante, ich werde Dir die Wahrheit schrei-

33 604 725 23 ben, trotzdem Tante Martha es mir verboten hat. Sie ist seit Januar im

33 620 722 25 Landesgericht. Das was die Tante Berta geschrieben hat, das beruht auf

35 639 731 22 Wahrheit, dass Einbrecher hier waren und uns alles gestohlen haben. Die

34 657 703 21 Tante hat in der Aufregung einige unbedachte Ӓusserungen gemacht und

33 675 412 21 deshalb ist ihr dieses Unglück passiert.

102 698 657 23 Ich kann Dir nicht alles so schildern, wie es war, das muss man

32 716 710 23 selbst sehen, um es zu verstehen. Ich hӓtte es Dir nicht geschrieben,

31 733 602 22 aber weil Du die Adresse vom Spital wissen wolltest. Tante

33 751 734 22 Martha darf es nicht wissen, dass ich Dir die Wahrheit geschrieben habe

32 768 703 23 und Tante Berta auch nicht. Ich gehe jeden Mittwoch zu ihr. Ich lege

33 782 737 26 Dir ein Zetterl von ihr bei, das sie mir zugesteckt hat. Bitte nochmals,

33 805 423 21 verrate mich nicht, dass Du alles weisst.

314 826 205 22 Viele Busserl Leni.

32 848 735 28 Bitte schreibe keine Karte mehr, nur Briefe, weil die Frau, bei der ich

31 870 260 26 wohne, liest sonst alles.

105 904 591 22 "Vielen Dank für die schӧnen Sachen und viele Grüsse und

120 921 141 24 Küsse Martha.

121 941 520 27 Ich bin im Spital und kann nicht mehr schreiben".
