1200 1711
472 1 61 38 -3-

151 69 980 49 gegenteilig ausgewirkt. Aus der Begeisterung für Polen wurde info-

152 108 959 40 ge des zu langen Aufenthaltes hier das Gegenteil erreicht und hat

152 132 662 37 fast niemand mehr Lust, nach Polen zu reisen.

372 182 756 34 Aber auch andere Gründe haben dazu beigetragen, die

151 205 976 34 Begeisterung für Polen abzuschwächen. Durch den langen Aufenthalt

155 233 1003 32 im Asyl konnten wir das für den Transport bestimmte Menschenmaterial

155 256 1015 36 beobachten und mussten zu unserem Leidwesen entsetzliche Feststellun-

164 282 1007 33 gen machen. Was sollen wir als verantwortliche Menschen mit den in den

154 303 1013 34 Transport eingeteilten Halbidioten, Vollidioten und sonstigen zu jed-

154 330 1016 35 weder Arbeit unfähigen Geschöpfen beginnen? Die Anzahl jener mit ver-

154 355 977 34 krüppelten Gliedmassen, Lungenkranke, Nieren- und Magenkranken und

154 379 1003 34 sonstigen bresten Menschen ist im Verhältnis zur Gesamtzahl eine er-

152 406 965 31 schreckend grosse, wobei noch zu bemerken ist, dass sich in Polen

152 429 1008 34 noch die unausbleiblichen Arbeitsunfälle und eventuelle Erfrierungen

154 454 998 33 dazu gesellen. Trotzdem wir für alle aus irgend einem Grunde arbeits-

151 479 1019 35 unfähigen Menschen gerne bereit wären durch unserer Hände Arbeit für

154 507 974 30 selbe in Hinkunft zu sorgen, müssen wir zu unserem Leidwesen fest-

154 528 987 35 stellen, dass dies infolge der grossen Anzahl jener bedauernswerten

152 551 1018 35 Menschen unmöglich sein wird. Begrüssenswert ist es, mit welcher Auf-

161 578 977 35 opferung die hier sich befindenden gesunden Menschen ihrer minder-

154 603 970 34 tauglichen Glaubensgenossen annehmen. Dementgegen mussten wir aber

152 627 976 36 beobachten, dass sich eine nicht ganz unberechtigte Stimmung gegen

155 650 970 35 jene Persönlichkeiten richtet, welche für die Zusammenstellung der

152 672 1018 38 Polentransporte verantwortlich sind. Ununterbrochen vernehmen wir ab-

154 700 960 34 fällige Aeusserungen und zwar darüber, wieso es möglich ist, eine

152 725 976 37 Auslese an minderwertigem Menschenmaterial zusammen zu stellen, um

155 752 1003 33 selbe zu Aufbauarbeiten in Polen einzusetzen, dagegen eine Garde von

152 775 992 34 jungen, kräftigen, daher arbeitsfähigen Menschen dazu verwendet, um

151 799 1001 36 mitzuhelfen, die gebrechlichen Leute nach Polen zu bringen. Die Bei-

154 822 1013 37 stellung der Ordner durch die Kultusgemeinde hat daher für die Polen-

152 849 1002 32 aktion bisher keinen Nutzen gebracht, im Gegenteil hören wir des öf-

151 874 1004 35 teren, man möge das Geld, das für den Ordnerdienst aufgebracht werden

152 899 970 32 muss, dazu verwenden, um die vielen Frauen, die nur ein paar Halb-

152 922 976 36 schuhe besitzen, sowie keine warme Unterwäsche haben, entsprechend

151 946 991 37 ausstatten zu können. Es hat sich bis heute trotz der verzweifelten

151 970 974 36 Stimmung kein Fall ergeben, wo es notwendig gewesen wäre, zur Auf-

152 996 1002 34 rechterhaltung der Ordnung, einzugreifen. Die schwierigsten und ver-

151 1022 1014 33 antwortlichsten Stellungen haben die Saalkommandanten- und kommandan-

151 1045 1001 41 tinnen und wenn diese Stellen von Mitgliedern aus den eigenen Reihen

155 1067 997 42 besetzt wurden, so werden sich bestimmt unter der grossen Masse noch

151 1092 1001 37 Leute finden, die dazu befähigt sind, die einlaufende Post aufzutei-

151 1122 1029 31 len, nebensächliche Schreibarbeiten zu leisten, da die verantwortungs-

151 1144 1030 36 vollen Schreibarbeiten ohnedies von uns erledigt werden. Der Sanitäts-

149 1167 1042 37 dienst, der infolge des sich hier befindlichen minderwertigen Menschen-

151 1194 1001 33 materials ein besonders aufreibender ist, wird inklusive der Zahnbe-

151 1219 1016 34 handlung aus den Reihen der Polenfahrer in vorbildlicher Weise durch-

151 1243 990 37 geführt, wobei wir bemerken müssen, dass dem Arzt kein eigener Raum

151 1268 943 35 zur Verfügung steht, sondern die Behandlung und Untersuchung der

151 1291 1006 37 Kranken in einem Schlafraum am Bette des Arztes mit den primitivsten

149 1317 545 38 Hilfsmitteln vorgenommen werden muss.

353 1367 799 34 Wir wollen mit diesem Berichte keine wie immer gearte-

152 1391 993 36 ten Anschuldigungen der Kultusgemeinde gegenüber zum Ausdrucke brin-

152 1421 996 34 gen, weil wir uns dessen überzeugt sind, dass das Wohl und Wehe die-

151 1444 1001 30 ser Gruppe von Menschen der Kultusgemeinde nicht mindere Sorgen ver-

148 1467 977 32 ursacht als uns selbst, aber als pflichtbewusste Menschen sind wir

149 1491 1001 38 verpflichtet alles beizutragen, um die Not und das Elend aller unse-

149 1515 717 49 rer Glaubensgenossen nach Möglichkeit zu lindern.
