793 1122
267 33 63 25 - 3 -

446 71 171 24 Wien, März 1939

0 120 135 26 Liebe Tante,

133 134 633 26 Ich sende Dir einen Brief von meiner Tante. Hansi ist jetzt

0 151 537 25 immer bei Frau F., bis die Tante nach Hause kommt.

403 174 250 27 Viele Busserl von Leni.

477 212 309 29 Aus dem Gefӓngnis, Mӓrz 1939

0 229 285 25 Mein liebes gutes Tatchen,

127 252 621 25 Gestern war mein Lenchen bei mir und hat mir eingestanden,

0 271 751 29 dass sie Dir die ganze Wahrheit geschrieben hat. Liebe Tante, wirst Du

2 288 762 27 jezt schlecht von mir denken? Ich weiss nicht, ob Leni Dir alles genau

4 306 738 28 geschrieben hat, ich kann hier nicht soviel mit ihr sprechen. Man hat

4 325 785 22 uns alles weggenommen, wir sind nur mit dem was wir am Leibe gehabt haben

1 342 732 25 da gestanden, ich habe in der Aufregung einige Worte gesagt, die ich

2 359 771 26 nicht hӓtte sagen sollen, und deshalb bin ich schon 3 Monate hier. Denke

2 377 747 25 deswegen nicht schlecht von mir. Schau liebes Tanterl, Dein Bruder war

2 395 740 25 doch auch voriges Jahr 13 Wochen hier, wo ich bin, das weisst du doch

2 413 750 24 und deswegen war er ja auch nicht schlecht. Ich danke Dir viel tausendmal

2 431 771 25 für die schӧnen Sachen, wenn ich sie nicht hӓtte, so müsste ich immer in

1 448 770 26 einem Kleid herumgehen. Sie passen mir sehr gut, nur die Schuhe sind mir

1 465 765 25 zu gross, aber ich kann sie auch tragen. Du kannst Dir nicht vorstellen,

2 484 771 25 wie ich mich gefreut habe mit den Sachen und hauptsӓchlich, weil sie von

0 503 100 24 Dir sind.

127 518 654 24 Ich habe immer an Dich gedacht. Sei mir nicht bӧse, dass Leni

2 536 766 25 Dir geschrieben hat, dass ich im Spital bin, ich habe mich geschӓmt, Dir

1 555 757 23 die Wahrheit zu schreiben. Bitte schreibe der Tante Berta nichts davon.

2 572 778 24 Wenn ich auch hier bin, so verzage ich trotzdem nicht und ich hoffe, dass

1 588 761 26 ich in kurzer Zeit bei meinem geliebten Buberl sein werde. Leni ist ein

1 607 741 25 gutes Kind, wenn ich sie nicht hӓtte, so wӓre ich ganz verlassen. Ich

2 622 768 27 werde sie deswegen immer bei mir halten. Ich würde mich freuen, wenn Leni

1 642 770 27 mir am Mittwoch von Dir einen Brief bringen würde. Sie kommt jeden Mitt-

0 661 401 26 woch zu mir. Tausend Grüsse und Küsse

402 676 145 25 Deine Martha.

0 704 590 25 Grüsse Deinen Mann und Tochter und Tante Anna herzlich.

0 728 767 26 Ich sende Dir eine Aufnahme von mir, sie ist von hier und ist nicht gut.

1 748 773 26 Den Brief gebe ich Leni mit. Hoffentlich kommt er gut an. Bitte nochmals,

0 767 366 24 sage der Tante Berta nichts davon.

419 809 186 36 Wien, April 1939

0 847 239 30 Liebes gutes Tanterle,

72 874 689 28 Habe Deinen Brief erhalten. Das Packet habe ich noch nicht, aber

0 894 756 26 das dauert immer lӓnger. Ich werde Dir gleich schreiben, wenn es kommt.

0 914 770 23 Dieses Mal war es nicht mӧglich, einen Brief von Tante Martha bei zu le-

0 932 740 26 gen. Der "Onkel" hat zu gut aufgepasst. Sie darf weder schreiben noch

1 949 778 26 Briefe empfangen. Liebes Tanterle, Du schreibst, wir sollen Gottvertrauen

1 969 759 25 haben. Ich glaube nicht an Gott. Warum hat er uns so gestraft? Ich kann

0 988 770 31 Dir nicht schildern, was wir mitgemacht haben. Mir hat Gott meine lieben
