803 996
338 39 31 43 2

102 78 614 30 Am 6. Juli kamen Fritz und Fritzi "mit langen Gesichtern" : die

102 101 613 24 Reise durch Deutschland nach Holland ware leider unmöglich, man

103 115 611 30 brauchte die Steuerfreischreibung und, obwohl diese für Geld zu

103 131 620 25 haben sei, würde das doch zu lange dauern, denn inzwischen liefe

104 149 610 26 doch das französische Visum ab. "Seien Sie unbesorgt, wir fahren

103 162 611 28 über die Slowakei. Ein Freund, ein litauischer Journalist kommt

102 180 632 26 mich holen. Nehmen Sie kleines Gepäck." Am folgenden Sonntag abend

103 195 635 27 kam Fritz wieder - alles sei geordnet, sie führen morgen nach Brunn.

102 209 675 33 Ich bekomme die Passe von der Gestapo zurück und fahre nach Bratislava,

102 233 607 24 um das ungarische Visum zu holen, treffe Sie am abend in Brunn.

103 244 655 27 Wir geben Ihnen Adressen wo sie dort privat übernachten können, dann

102 261 658 26 fahren Sie gleich nach Ungarn, in Budapest borgen Ihnen Ihre Freunde

102 277 650 30 das Geld für die Flugkarte nach London. (Die natürlich nicht in Prag

102 294 226 25 gekauft werden konnte).

102 308 672 29 Am Montag waren die versprochenen Pässe nicht an Smetana zurückgekommen

102 327 630 26 Herr Schubert "ist natürlich wütend, dass ich ihm die Pässe nicht

102 344 628 26 lasse und versucht alles, um es durchzusetzen." Mutter und Tochter

102 358 635 27 warteten den ganzen Tag auf den Anruf, wann Fritz wegfahren konne.

101 377 648 23 Dienstag sagte man, sie sollten am nachsten morgen fahren, und zwar

102 393 665 26 nach Hodonin, einem Dorf an der slowakischen Grenze. Dort sollten sie

102 408 647 26 Smetana in einem Gasthaus dem Bahnhof gegenuber treffen. Fritzi, die

101 424 650 26 die Botschaft überbrachte, erzählte noch, Smetana hatte sie noch um

101 441 658 24 10 Uhr abend aus dem Bett geholt weil er Geld brauchte, um sich beim

98 456 647 27 Kellner im Hotel Sroubek die nötigen Pengö und Mark zu verschaffen.

101 472 665 27 Nach elf rief er noch einmal an, dass er schon hinter der Stadtgrenze

102 490 642 24 sei. Der Tag wurde benutzt, um Abschied zu nehmen, etwas zu packen,

102 506 656 21 über die Wohnung zu verfügen, soweit das moglich war, ohne die Flucht

100 518 654 30 bekannt zu machen. Am Abend überraschte sie Fernruf aus Luhacovice,

100 537 629 25 den sie zuerst nicht annehmen wollte, Fritz meldete, er hatte die

100 551 656 28 Ausreisepapier, müsste nur noch nach Bratislava um das ungarische Vis

101 570 464 20 um zu holen. Alles andere ginge wie besprochen.

99 585 619 25 Kurz nach 5 Uhr morgens verliessen sie das Haus. Die (czechische)

100 600 658 28 Hausbesorgerin, die sie hatten vermeiden wollen, kam heraus, um ihnen

100 617 644 27 Glück zu wünschen: ihr einziger Sohn ginge auch fort, nach Batavia.

99 634 630 23 Die Fahrt nach Brünn verlief ohne weiteren Zwischenfall. Dann ging

100 650 668 23 es im Bummelzug nach Hodonin. Der Gasthof dem Bahnhof gegenüber, wo

101 669 627 22 sie Smetana treffen sollten, trug eine grosse Aufschrift: Achtung!

102 684 659 23 Jüdisches Unternehmen." Im Speisesaal sassen alte Herren beim Tarock.

100 698 657 27 Mutter und Tochter bestellten Kaffe und warteten. Fritz hatte gegen

99 717 662 25 vier Uhr kommen sollen, es wurde ½ 6, es wurde sieben. Plötzlich setzte

100 735 642 22 sich Fritz gemütlich an ihren Tisch. "Milostivá, die Ausreise habe

103 750 632 20 ich, aber das ungarische Visum wird nicht auf Pässe ausgestellt die

102 763 627 25 überklebt sind (d.h. den Judenausweis bekommen hatten), ich muss

102 781 615 21 wahrscheinlich noch einmal nach Prag fahren - dann fahren sie nach

99 795 617 25 Luhacovice zu einem Onkel von mir und warten dort auf mich. Aber

100 811 663 25 ich treffe noch die Herren hier und komme in einer halben Stunde wie-

100 828 636 26 der. Inzwischen wird eine blonde Dame zu Ihnen kommen, sie ist die

100 841 619 33 Frau eines Gestapisten, der geben Sie das Geld, das sie bei sich

102 860 377 29 haben. Sie ist vollkommen verlässlich."
