2480 3507
2167 119 99 68 3.

307 292 2015 102 Wert lässt sich schwer abschätzen, es waren ganz enorme Werte. Acht

310 333 1944 111 Tage später wurden die ersten zwei Juden des Kasernierungslagers

310 385 1936 108 öffentlich im Lager erhängt. Beschuldigt wurden sie dessen, dass

310 441 1994 99 bei einem von ihnen 60 Pfennig, bei einem anderen 1 Mark vorgefunden

304 488 1997 108 wurde. Nach Vollzug der Exekution wurde den Juden angeordnet, eine

310 540 2023 114 neue Sammlung des Geldes, Goldes und Wertsachen durchzuführen, weil

301 590 1974 102 wie es hiess nicht alles abgeliefert worden war. Wir haben sofort

298 642 2067 103 nochmals gesammelt und haben 80.000 Mk aufgebracht. Als persönliches

295 686 2030 108 Geschenk für den Kmdt. Krause haben wir einige Brillanten, eine gol-

292 745 2100 105 dene Uhr und Zigarettenetui abgeführt. Es hiess, dass er das Geschenk

295 794 2088 114 zurückwies und alles zu den übrigen Sachen in den Korb werfen liess.

292 838 2012 117 Ein Schutzmann äusserte sich später, Krause hätte für sich so viel

289 897 2059 105 mitgenommen, dass er 100 Jahre davon leben könne. Das Hängen und Er-

292 946 2027 111 schiessen im Lager hat nicht aufgehört, für jede Kleinigkeit musste

289 996 2003 111 man mit dem Verlust des Lebens büssen. Die Exekutionen des Hängens

289 1049 2000 105 musste die jüdische Polizei durchführen, die im Kasernierungslager

292 1101 2062 103 geblieben war. Die Gestapo in Riga führte in unseren Reigen vielfach

289 1139 2112 129 Verhaftungen durch, besonders von Industriellen, grösseren Kaufleuten.

283 1195 2033 125 Diese Leute verschwanden und kamen nie mehr wieder. Innerhalb eines

289 1250 1995 117 Jahres waren etwa 1000 Juden ums Leben gebracht worden. Das Lager

289 1294 2000 120 bestand bis Juni 1943. Sodann wurde es aufgelöst und wir wurden in

283 1344 1977 117 Gruppen bei den Firmen, in deren Firmen wir arbeiteten, unterge-

280 1394 2068 122 bracht, in Baracken unter strenger Bewachung. Ein Teil der Leute kam

283 1449 1974 120 in das neu gegründete K.L. bei Riga "Kaiserwalde". Die Verpflegung

277 1499 1977 117 in den Fabrikslagern war zwar knapp, aber man konnte sich dabei am

277 1551 2091 111 Leben erhalten und musste nicht verhungern. Beim Heranrücken der Rus-

274 1604 2121 140 sen wurden wir nach Deutschland verschleppt und in K.L. untergebracht.

260 1771 1181 137 Protokoll laut Original abgeschrieben.
