2276 3674
891 241 175 80 - 2 -

119 404 1973 134 Rumänien erteilten Einreisesichtvermerkes sein sollten, ge-

122 548 2059 98 nauestens zu perlustrieren und allenfalls zurückzuweisen sein,

122 658 2086 98 wenn sie den Zweck ihrer Einreise nicht entsprechend klar nach-

119 771 628 95 zuweisen vermögen.

217 863 1942 86 In Zweifelsfällen ist vor Ermächtigung der Einreise in das

122 973 2025 95 Bundesgebiet – tunlichst auf Kosten der Partei – auf telepho-

119 1068 2046 95 nischem oder telegraphischem Wege  die h.o. eine Weisung einzuholen.

241 1184 1909 86 Schliesslich sei noch darauf hingewiesen, dass manche Per-

113 1301 2071 73 sonen sicherlich auch versuchen werden, auf Grund der gewährten

104 1399 1982 85 Einreiseerleichterungen (Wintersaison-, Messe- und Kongress-

104 1497 2040 95 karten etz.) nach Oesterreich einzureisen. Auch diese Personen

104 1616 2092 83 werden ungeachtet des Besitzes derartiger Ausweise zurückzuwei-

104 1708 2070 119 sen sein, wenn sie im Sinne der vorstehenden Ausführungen nicht

101 1821 863 129 unbedenklich erscheinen.

955 1925 552 92 11. Jänner 1938.

824 2042 781 119 Für den Staatssekretär:

1081 2149 306 104 Krechler

3 2225 631 111 Für die Richtigkeit

12 2311 577 101 der Ausfertigung:
