793 1122
282 4 66 24 - 3 -

8 26 69 36 B.189

64 67 684 33 So wie ich tage- und nächtelang so standen viele, viele Kinder,

10 95 753 24 deren Väter und viele, viele Frauen, deren Männer oder Söhne grundlos

12 114 755 25 verhaftet worden waren, weinend und verzweifelt vor den Gefängnissen.

64 138 689 26 Meist sind alle Bemühungen einer Entlassung vergebens und nach

8 160 436 27 2 Tagen geht der Transport nach Dachau.

65 180 723 28 Auf der Strasse, aus den Wohnungen, aus den Geschäften und Kaffee-

9 205 781 27 häusern werden Juden zusammengefangen, nicht mehr zum "reiben", sondern

11 223 705 22 zur "Freifahrt nach Dachau", wie die "edlen" Nazi es bezeichnen.

64 250 719 23 Es gibt keine jüdische Familie in Wien, die nicht von diesem ent-

12 269 761 22 setzlichen Unglück betroffen ist; zumindest ein Mann in jeder Familie

12 287 761 23 ist in Schutzhaft und während er gequält und gemartert wird in Dachau

11 305 776 26 oder Buchenwald – sind seine Angehörigen in Wien der Verzweiflung nahe.

53 332 471 24 Solche Leiden fügen Menschen Menschen zu!

54 359 698 23 Während ich das hier schreibe und nicht mehr leide, geht es den

11 380 772 22 armen Juden in Wien aber noch schlechter, als zu der Zeit, da ich noch

11 396 740 23 dort war. Ein Beweis sollen die Zeilen sein, die mir eine Dame, die

11 414 757 28 vor einiger Zeit der Hölle ebenfalls entronnen ist, schreibt und das,

11 432 693 27 was mir ein Freund, der auch bereits im Ausland ist, berichtet.

52 454 337 28 Die betreffende Dame schreibt:

56 483 716 29 Was wir mitgemacht haben, kann ich Dir nicht schreiben, denn ein

10 503 771 27 Buch würde nicht ausreichen, um all das festzuhalten, was wir erlebten

10 521 755 27 und erleiden mussten. Ich wohnte ab 1.XI. bei meinem Verwandten Dr. N.

10 539 751 28 An dem bewussten Donnerstag waren bei allen Juden Hausdurchsuchungen

10 560 727 24 und dann wurden wir alle eingesperrt, auch das Kind. Man nahm/ mir

9 575 729 29 die von meiner Cousine ausgeborgten 10 Mark weg, das war aber auch

8 596 720 26 alles, was ich besessen habe, und ich musste unterschreiben, alles

6 614 206 22 erhalten zu haben.

62 639 686 28 In Aachen wurde ich bis auf die Haut ausgezogen, und dann ging

7 656 738 29 ein Zug bis Brüssel, und so nahm ich diesen Zug, um endlich aus der

5 676 238 26 Hölle hinauszukommen.

59 704 241 27 Ein Freund berichtet:

53 725 656 33 Zuerst möchte ich mein langes Stillschweigen entschuldigen.

60 746 710 34 Seit ich Dir meinen letzten Brief schrieb ist so viel geschehen,

2 766 740 28 dass ich während dieser Zeit weder Briefe beantworten, noch Besuche

5 784 719 27 abstatten konnte, weil die Ereignisse mir keine freie Minute Zeit

5 804 783 30 liessen. Wir, d.h. meine Familie, hatten eine Verhaftung und eine Haus-

3 821 333 28 durchsuchung zu überstehen....

57 848 724 32 Nach endlosem Anstellen und vielen Laufereien ist es uns gelungen,

2 866 761 34 endlich eine Steuererklärung zu erlangen, und so sind wir glücklich

1 884 258 27 hier in X angekommen...

57 912 707 30 Du kannst Dir schwer vorstellen, was sich nach der Ermordung des

0 927 521 32 Gesandten v. Rath in Deutschland abgespielt hat.

56 954 695 38 Nur dem mustergültigen und ehrenvollen Verhalten unseres Block-

1 974 787 38 leiters ist es zuzuschreiben, dass wir nicht an jedem schwarzen Donners-

2 994 440 29 tag verhaftet oder ausgeplündert wurden.

56 1018 722 42 Insgesammt wurden ungefähr 2500 Jungen in unserm Alter (18 Jahre!)

0 1041 295 31 nach Dachau verschickt....
