785 978
173 30 226 25 Auschwitz by R. Lasker

428 30 42 23 -5-

88 102 652 30 sechs Monate mussten sie den gleichen Weg gehen wie diejenigen, die

89 141 641 24 sie verbrennen mussten. Das Sonderkommando wurde alle sechs Monate

88 172 659 26 umgewechselt, damit keine Gefahr bestand, dass es nach dem Krieg ir-

89 202 623 27 gendwelche Ueberlebende gaebe, die Augenzeugenberichte von ihrer

90 236 640 23 Arbeit geben konnten.- Im Spaetherbst 1944 brach unter dem Sonder-

89 268 651 27 kommando, das darauf gefasst war, in den naechsten Tagen umgebracht

91 299 627 24 zu werden, eine Revolte aus, die aber misslang. Das Resultat war,

90 330 659 23 dass alle erschossen wurden, als sie versuchten, aus dem Lager auszu-

92 366 86 21 brechen.

170 392 591 24 Ich erkrankte zwei Wochen nach meiner Ankunft in Auschwitz an

92 428 642 20 Flecktyphus, einer Krankheit, die jeden Winter im Lager grassierte

92 459 673 21 und nicht bekaempft werden konnte, da wir alle voellig verlaust waren,

92 487 653 24 und der Flecktyphusbazillus sich durch Laeuse uebertragt. Ich wurde

94 523 666 22 zweimal zur Vergasung aufgeschrieben, wurde aber beide mal im letzten

94 559 658 15 Moment gerettet; das erste mal, weil meine  chwester, die dem Lager-

95 586 658 21 orchester angehoerte, an die Lagerkommandanten appellierte, die eine

102 616 650 23 schwaeche fuer Musik hatte, und das zweite mal weil einer der Selek-

96 646 665 23 tionsoffiziere namens Hessler, der uebrigens seitdem in Hameln hin-

95 680 675 26 gerichtet wurde, einen Moment menschlich wurde und meine Nummer wieder

95 713 106 26 ausstrich.

171 739 597 26 Aerztliche Behandlung gab es ueberhaupt nicht aus dem einfach-

149 776 608 22 rund, weil keine Medikamente da waren. Die wenigen Medikamente,

96 806 674 22 die unter grosser  efahr von Haeftlingen, die in den Depots arbeiteten

97 837 648 27 ins  ager geschmuggelt wurden, waren nur dann erhaeltlich, wenn man

98 868 638 26 einen kostbaren Tauschartikel hatte.- Neben Typhus litten wir fast
