785 978
405 30 54 23 -4-

152 29 223 28 Auschwitz by R. Lasker

154 107 616 27 gefuehrt, wo sie geschoren, taetowiert und nackt ausgezogen wur-

154 144 612 27 den und dann ins Lager eingegliedert wurden. Alle andern wurden

153 175 585 23 direkt ins Krematorium gefuehrt, Man sagte ihnen, sie gingen

153 207 581 22 baden; mahnte sie, alle ihre Kleider gut zusammen zu binden,

154 247 583 14 damit sie sie nach dem  ad wiederfinden wuerden, und brachte

154 273 600 21 sie dann, nach dem sie ausgekleidet waren, in einen Riesenraum,

154 301 609 27 der, als er gedraengt voll war, abgeschlossen wurde. Dann wurde

153 339 573 17 das  as hineingeleitet und nach fuerchterlichen Qualen trat

152 363 602 28 nach ungefaehr 10 Minuten der Tod ein. Ich berichte dies alles

154 399 595 22 nach meinem besten Wissen und Gewissen, obwohl ich natuerlich

152 429 566 22 niemals selbst im Krematorium war, Ich kannte jedoch einen

167 458 595 28 Haeftling, der dem sogegannten "Sonderkoinmando" angehoerte, und

153 493 601 22 der sich einmal unter einem Vorwand ins Frauenlager einschmug-

154 525 600 22 gelte und mir von seiner Arbeit berichtete. Das Sonderkommando

152 555 609 23 bestand ausschliesslich aus Juden, die /u dieser Arbeit gezwun-

154 586 616 24 gen waren. Sie taten alle Arbeit im Krematorium ausser des Hand-

153 616 609 27 habens des Gases, das der SS ueberlassen war. Dem Sonderkomman-

152 651 609 24 do war es Vorbehalten, nach der Vergasung die Leichen auszusor-

153 679 583 29 tieren, die nach dem verzweifelten Todeskampf in wilden Ver-

153 712 594 26 schlingungen aneinanderklebten. Das Sonderkommando musste dann

153 745 602 26 den Leichen alle Goldzaehne herausbrechen und war schliesslich

153 774 583 28 damit aufgetragen, die Leichen zu verbrennen. Mitglieder des

154 806 615 33 Sonderkommandos waren streng von den uebrigen Haeftlingen geson-

152 839 600 28 dert, Sie hatten eine eigene Baracke und wurden, fuer die Zeit

152 874 615 27 ihrer Arbeit, ausserordentlich gut behandelt. Sie bekamen soviel

149 911 565 25 Zigaretten, Essen und Alkohol wie sie wollten. Jedoch alle
