800 979
359 79 65 25 - 5 -

106 107 607 31 Ein grosser Truemmerhaufen! Diese Bilder waren unser einziger

106 131 614 23 Trost in dieser fuer uns so schweren Zeit.- Nachdem wir 2 Tage

106 146 622 28 vollstaending ohne Essen waren, brachte man uns in ein Lager bei

106 163 581 24 Hamburg. Hier marterte man uns noch zum Schluss eine Woche.

105 177 596 26 Dann fuhren wir nach Schleswig-Holstein. Hier wurden wir vom

104 194 587 27 Schwedischen Roten Kreuz uebernommen. Und es schien uns wie

105 212 595 26 ein Traum, am 1. Mai 1945, wurden wir befreit. Die Daenische

105 226 653 29 Bevoelkerung jubelte uns zu und ueberhaeufte uns mit den herrlich-

104 245 616 23 sten Suessigkeiten. Nach eintaegigem Aufenthalt ging es weiter

104 261 621 22 nach Schweden. Ihr habt bestimmt in der Zeitung Bilder gesehen,

104 278 646 23 in welchem Zustand wir ankamen, und wie die guten Schweden wieder

103 293 615 23 Menschen aus uns gemacht haben. Unsere Lumpen wurden verbrannt

102 310 655 23 und man befreite uns von Laueusen. Dann waren wir 14 in Quarantaene

102 326 655 25 in Haelsingborg. Hier wurden wir gewogen, Ruth hat 13 kg abgenommen

103 344 624 20 und hatte noch 34 kg! Und wie sie gewaschen ist! Ich habe nur

103 358 633 22 10 kg abdgenommen und bin 5 cm gewaschen. Mein Roentgenbild ergab

102 372 614 27 negativ, waehrend Ruthchens natuerlich allerhand auf der Lunge

102 392 613 20 anweist. Ich habe dort 2 kg und Ruth 6 kg zugenommen. Aber bei

102 407 625 22 Ruth sieht man es noch nicht, weil sie zu ausgemergelt war. Wir

102 423 643 21 sing jetzt seit 3 Tagen hier in einem fabelhaften Krakenhaus mit

102 440 662 23 erstklassigem Essen. Ruth liegt leider schwer krank. Sie hat wieder

102 456 625 21 die Rippenfellentzuendung. Auch Wasser hat sie. Sie hat all die

102 472 600 21 Strapazen mit einer Energie ausgehalten, die erkennen laesst,

102 490 635 19 dass sie Vaters Tochter ist.- Ich habe eine kleine Grippe hinter

102 502 625 24 mir. Glaube, dass ich noch ein paar Tage liegen muss. Wie lange

102 521 640 21 ich hier bleibe, weiss ich nicht. Ruth wird ins Sanatorium gehen.

103 536 614 22 Ich werde mir leichte Arbeit suchen, so wie die andern Maedels

101 554 635 19 auch. Es ist besser zu arbeiten, denn man hat nicht so viel Zeit

102 570 652 22 zum Denken. Auch will ich Geld ich Geld verdienen, denn bis jetzt haben wir

102 586 634 24 erst einen Mantel, ein Kleid, ein Paar Schuhe und einmal Waesche

102 602 566 21 erhalten, und dann koennen wir uns dazu kaufen ..........

102 618 606 24 Habt Ihr nichts von Mutty gehoert? Sie ist, glaube ich, nicht

102 635 609 27 in Schweden sondern bei den Russen. Hoffe sehr, dass sie lebt.

393 660 49 38 Eva.

102 695 154 30 Eva Herskovits.
