785 978
126 32 226 28 Auschwitz by R. Lasker

396 29 45 27 -3-

65 110 649 28 in diese Baracke 25 gesperrt, splitterfasernackt, ohne Betten, ohne

66 145 694 23 Waschgelegenheit. Toiletten gab es in keiner Baracke, sondern nur Massen-

66 175 687 31 latrinen in einem separaten Bau. Die Haeftlinge von 25 wurden nicht auf

66 209 680 24 die Latrine gelassen, weil man wusste, sie wurden sonst in ihrer Panik

67 242 694 23 versuchen, sich zu verstecken. Man gab ihnen nichts zu trinken, und ein-

67 269 661 26 mal am Tag, um 6 Uhr abend, warf man in die Baracke, einen Korb voll

70 305 660 24 Brot, um die sich die Insassen dann halbtot schlugen. Wenn immer ich

69 335 679 25 an der Baracke 25 vorueber ging, sah ich aus den vergitterten Fenstern

69 367 660 25 sich Arme herausstrecken und hoerte wimmernde Stimmen, die um Wasser

69 400 661 23 flehten.- Wohlgemerkt, alle diejenigen, die innerhalb des Lagers zur

68 432 704 21 Vergasung ausgewaehlt wurden, wussten ganz genau, was mit ihnen geschieht.

204 465 546 19 Im Gegensatz zu den grossen Transporten, die tagtaeglich

70 495 679 22 ins Lager rollten, und denen, obwohl die meisten von ihnen auch in der

70 528 680 20 Gaskammer endeten, wenigstens die Qual erspart war zu wissen, dass sie

71 556 677 25 ihrem sicheren Tod entgegengehen.- In ihrem Fall ging es folgendermas-

72 591 650 21 sen vor sich: Der Trasportzug mit Viehwagons rollte bis ins Lager;

72 621 668 23 die Wagons wurden aufgemacht, die Toten herausgebracht, denn die mei-

74 656 658 19 sten dieser Zuege waren tagelang unterwegs und enthielten viele alte

73 686 684 21 Leute. Der Lagerarzt mit andern SS Offizieren und den weiblichen Lager-

73 718 659 22 kommandanten liess dann alle Ankoemmlinge antreten und sortierte sie

73 750 657 22 folgendermassen aus: Junge, gesundaussehende Maenner auf eine Seite,

73 783 683 22 aeltere Leute und solche die krank oder blass aussahen, auf die andere.

73 810 641 25 Bei den Frauen wurden automatisch alle diejenigen, die mit Kindern

74 845 658 25 ankamen, auf die gleiche Seite wie die aelteren und krankaussehenden

74 873 658 30 gestellt.- Ein kleiner Trupp wurde dann unter SS Bewachung ins Lager
