793 1122
254 33 66 24 - 3 -

21 72 746 28 blieb mir nichts anderes übrig, als mit den Zuschauern mitzulaufen und

19 94 748 22 mich dann allmӓhlich wieder zu verduften. Obwohl ich mich immer in der

21 113 756 21 Nӓhe der Wohnung aufhielt, war es mir doch nicht recht, Mama allein bei

20 128 762 24 den alten Leuten in der Wohnung zu wissen. Ich telefonierte Mama und wir

21 146 704 22 trafen uns in der Stadt, da es hier so ziemlich vorbei war und die

19 163 737 23 Trupps nun mehr in die Wohnviertel gingen. Mama kam sofort, für jeden

21 182 744 22 eine Wurst und ein Stück Brot als Mittagessen dabei. Wir fuhrern am Mӧ-

21 200 715 20 bellager vorbei und sahen, dass hier nichts passiert war. (Wie ich

19 215 757 23 spӓter hӧrte, wollten sie dort auch alles zerstӧren, jedoch konnte dies

21 236 724 21 der arische Spediteur verhüten.) Nun entschlossen wir uns nach Z. zu

19 253 767 20 fahren, da wir ja nicht wussten, ob es in X. nur ӧrtliche Massnahmen sei-

19 271 757 20 en. Ohnedies war Mutter an diesem Tage zum Arzt nach Z. bestellt, da er

19 286 733 21 die Wunde an der Hand frisch verbinden wollte. Wir riefen in Z an und

18 304 728 23 erfuhren, dass B. Verhaftet war. Wir wussten jedoch nicht, dass alle

17 321 733 23 Mӓnner geholt werden sollten, denn sein Angstellter war am Telephon.

17 338 738 22 Unterwegs verzehrten wir das, was Mama mitgebracht hatte, im Auto. In

18 359 748 20 Z. rief ich bei Bekannten an und erfuhr, dass dort die Mӓnner auch ge-

18 374 757 22 holt seien und in den Wohnungen dasselbe war. Wir entschlossen uns, zu-

18 393 762 24 nӓchst einmal nach Y..... zu fahren und wenn es geht, von dort aus zum

16 409 758 21 Arzt nach X. In Y erfuhren wir dann bei ...., dass die Juden sofort bis

16 427 739 21 abends die Stadt verlassen müssen. ... war nicht geholt und gerade in

17 444 747 21 unserem Beisein kam ein Schupo, bei dem er unterschreiben musste, dass

17 462 704 20 er die Stadt bis abends verlӓsst. Wir fuhren dann zu Onkel C., der

16 479 748 22 auch am Packen war und nach ...... abends fuhr. (Er ist mit Tante in-

16 496 757 22 zwischen in Detroit eingetroffen). C. und D. Nahmen wir nach X zu deren

17 512 762 22 Bekannten mit. Abends als wir wieder in X eingetroffen waren, riefen wir unsere

16 529 748 24 Hausleute an und erfahren, dass dort in der Wohnung nichts vorgekommen

15 547 757 26 war. Der Tag war also zu Ende und wir fuhren in die Wohnung zurück. Man

15 565 744 24 hӧrte, dass nachmittags alles abgeblasen sei, jedoch traute man nicht,

15 583 757 22 ob nicht doch noch jemand kommen kӧnnte, der einen holt, da man ja ver-

17 603 733 21 gessen wurde. Mitunter schlief man nicht, konnte nicht essen vor Auf-

14 618 692 23 regung oder man schlief fest und konnte auch essen vor Aufregung.

66 643 686 22 Jetzt konnte man jedoch erst Elend sehen. Es kamen stӓndig Leute

13 662 738 22 aus ... in X und anderen Stӓdeten an, da doch die Juden aus dem Gau ....

14 680 754 23 ausgewiesen waren. Das Altersheim in ... wurde ausgebrannt und ka-

14 696 754 23 men die alten Leute nach ..... ins jüdische Altersheim und Krankenhaus.

14 714 733 23 Es wurden Matratzen, Wӓsche etc. schnellstens gesammelt und das Heim,

15 734 736 21 an dem nichts passiert war, war das reine Flüchtlingslager und derart

14 749 741 24 überfüllt, dass die Matratzen auf dem Boden lagen für die Flüchtlinge.

14 767 756 24 Wer Bekannte hatte ausserhalb, suchte zu diesen zu kommen um Schlafge-

14 785 748 23 legenheit und Essen zu haben. Bei uns kamen auch dauernd Leute an, bis

14 803 726 22 sie allmӓhlich Bekannte erreichen konnten. Die Leute kamen mit einem

14 819 735 25 kleinen Kӧfferchen oder einem Bündel, - wie man im Krieg Flüchtlings-

14 841 725 22 bilder gesehen hat. Es wird Euch ja sicherlich interessieren, was in

79 858 679 21 alles vorgegangen ist und man hat so allerhand erfahren, da dau-

13 874 755 22 ernd Leute kamen. Schlimm war es, da viele nicht wusstenn, wo ihre Ange-

13 892 732 24 hӧrigen und Bekannten hinwaren. Es hat sich alles derart überstürzt,

13 907 756 26 dass sich jeder um seine Sachen zunӓchst kümern musste und oft hat man

14 927 750 24 dann zufӓllig jemand getroffen, der einem wieder Auskunft geben konnte,

13 946 763 23 wo die anderen waren. Von .... haben wir nun folgendes durch/die Bekannten

12 963 301 24 die von ... kamen, erfahren.

72 988 687 25 Die Synagoge stand morgens schon in Flammen und sei nachts schon

11 1006 738 25 Petroleum zu diesem Zwecke hineingegossen worden. Nachdem diese ausge-

13 1023 713 26 brannt war, wurde die Synagogue gesprengt, dieselbe ist nur noch ein

10 1043 780 29 Steinahufen mit einem Bretterzaun umgeben. Am Friedhof ist nichts geschehen
