2442 3409
341 73 574 117 Generalni Konsulat

14 147 1023 117 Geskoslovenske Republiky de Vidni

1526 113 776 114 Wien, am 5. November 1938.

159 605 608 93 Z1. ; 76.109/I-1/38.

102 676 875 85 Ausweisung der tschechoslov.

119 735 554 97 Staatsangehörigen.

250 948 230 71 An das

255 1011 828 91 Amt des Reichsstatthalters

255 1110 421 100 in W i e n .

346 1414 1928 91 die cechoslov. Staatsangehörigen werden von den Polizeibehörden

651 1320 1700 111 Die massenhaft eingeleiteten Ausweisungsverfahren gegen

352 1502 2001 80 in Wien in der Weise durchgeführt, dass den Betroffenen aufgetra-

352 1573 2004 86 gen wird, unverzüglich oder binnen 8 Tagen, in ausserordentlichen

355 1647 1947 83 Fällen 2 Wochen, das Land zu verlassen. Diese Praxis wird rück-

355 1721 1919 85 sichtslos geübt, wenn auch den Behörden bekannt sein muss, dass

355 1795 1978 85 nach den hier geltenden Vorschriften zur Liquidierung der Vermö-

355 1869 2030 85 genschaften, der Geschäfte, die viele Cechoslovaken hier besitzen,

355 1943 1978 82 ferner zur Überführung der Wohnungseinrichtungen, wozu verschie-

358 2019 1975 77 dene Dokumente und amtliche Bewilligungen verschafft werden müs-

358 2088 1921 88 sen, wenigstens eine sechswöchige Frist notwendig ist. Es han-

358 2164 2004 85 delt sich hiebei um kleinere Existenzen, die, wenn ihnen die not-

358 2235 1950 85 wendige Zeitspanne nicht bewilligt wird, auf den Bettelstab ge-

361 2301 1893 90 bracht werden, da sie dadurch, dass sie hier geboren sind und

358 2377 1950 94 hier immer gelebt haben, vollständig den Kontakt mit ihrer Hei-

358 2477 611 65 mat verloren haben.

668 2531 1583 91 Es sind dabei auch Leute, die zwar bisher Dokumente

363 2607 1885 80 über ihre cechoslovakische Staatsbürgerschaft besitzen, deren

363 2681 1862 83 Echtheit ausser jedem Zweifel steht, die aber in einer durch

366 2758 1891 79 Deutschland okkupierten und innerhalb der künftigen deutschen

366 2826 1942 85 Grenzen liegenden Gemeinde beheimatet sind und wenig oder über-

369 2903 1919 99 haupt keine Hoffnung haben, cechoslovakische Staatsbürger-

369 2991 819 79 schaft erlangen zu können.
