793 1122
274 39 62 19 - 2 -

18 63 747 37 gehört, was vorgeht. Auf meinem Wege zum Spediteur sah ich dann, wie an

20 86 734 29 den jüdischen Geschӓften die Fenster eingeschlagen wurden und die Ware

20 103 723 27 teils auf die Strasse geworfen wurde. Kurzum es begegneten mir Trupps

19 121 746 27 von ca. 15-20 Mann mit Ӓxten und Pickeln dabei, welche die Sachen zu-

19 139 746 27 sammen schlugen. Als ich beim Spediteur ankam, prasselten an der Klauss

21 157 711 29 (fromme Synagogue), welche direkt neben diesem Büro ist, die Fenster-

18 172 747 30 scheiben herunter. Innen war schon viel zerstӧrt und schauten viel Neu-

16 191 550 27 gierige durch die mit Ӓxten zusammengeschlagene Tür.

77 216 697 26 Dies war also zunӓchst mein Erlebnis am Morgen auf dem Wege in die

14 233 751 26 Stadt. Man war zunӓchst der Meinung, die Synagogen und Geschӓfte werden

17 252 761 25 zerstӧrt und damit ist alles erledigt. Daraufhin wollte ich aber schnell-

17 269 726 25 stens den Spediteur und auch unsere Schiffskarten bezahlen, damit wir

16 286 748 27 gegebenenfalls plӧtzlich abreisen konnten. Ich telefonierte mit Amster-

17 305 761 23 dam mit...., da man hӧrte, es sei nicht so leicht, dort hinein zu kommen.

15 321 729 25 Aus diesem Grunde buchte ich sofort um auf die Hollӓndische Linie, da

16 338 762 27 ich ja zur Einschiffung nach Rotterdam musste. Bei Benutzung der Amerika-

16 356 760 24 nischen Linie hӓtte nӓmlich passieren kӧnnen, das die Hollӓnder würden sagen,

14 374 402 23 wir sollen uns in Hamburg einschiffen.

76 397 677 25 Inzwischen wurden die Konten von Juden besonders überwacht. Über

14 414 760 24 unser Guthaben in Z... zu verfügen, gelang erst nach verschiedenen Tele-

15 431 730 26 fongesprӓchen und nachdem ich den Spediteur auch veranlasst hatte, zu

16 448 762 25 telefonieren. Trotzdem musste der Betrag für den Lift erst von der Gesta-

14 465 750 25 po und Kreisleitung genehmigt werden. Bei der Bank konnte man über sein

14 483 739 25 Guthaben auch nicht frei verfügen und musste man ӧfters kleine Betrӓge

14 500 773 24 holen. Ebenso war von der Bankenvereinigung in Berlin ein Erlass heraussen,

12 517 747 24 dass Juden ihre Effekten nicht verkaufen dürften, um Kursstürze zu ver-

10 535 731 24 meiden. Effekten durfte man nur bis zu RM 1000.- Wert verkaufen, wenn

11 554 717 21 auf dem Konto kein Guthaben mehr war. Aus diesem Grunde brauchte ich

10 570 769 21 mein Guthaben auf, damit ich von meinen Papieren für RM 1000.- verkaufen

12 589 738 22 konnte. Man musste sehen, wie man sich durchlaborierte, da oft mittags

10 607 557 22 schon wieder andere Anweisungen da waren als morgens.

82 629 667 23 Vom Spediteur fuhr ich nach Hause und brachte die Neuigkeit aus

8 647 734 26 der Stadt mit. Daraufhin holte ich Lebensmittel zu unseren Hausleuten,

11 668 748 21 da wir ja in Folge der Demolierung des jüdischen Restaurants nicht mehr

10 684 726 20 wie bisher dort essen konnten. Einen guten Bekannten besuchte ich bei

11 703 728 21 dieser Gelegenheit, da er zu Mutter telefoniert hatte, ich soll nicht

11 719 766 21 in die Stadt gehen. Als ich bei diesem war, kam noch ein Herr und brachte

10 738 757 22 uns xxxxx die Nachricht, dass diese Trupps nun auch in die Privatwohnun-

10 756 757 21 gen gingen und dort alles kurz und klein schlagen würden, und die Mӓnner

9 771 748 22 würden verhaftet werden. Daraufhin fuhr ich sofort zur Mutter nach Hause

9 790 757 20 und bereitete sie und unsere Hausleute auf einen evtl. Besuch dieser Ge-

9 806 759 23 sellschaft vor. Als ich hinter den Vorhӓngen dann auf Posten stand/, kam

10 826 737 22 auch solch ein Trupp durch unsere Strasse, ging jedoch an unserem Haus

10 843 758 21 vorbei und um die Ecke. Drei Hӓuser neben unserer Wohnung sahen wir dann

8 861 775 20 die Bücher, Kissen, Kleider und Hausrat etc. durch die Fenster auf die Stras-

10 878 772 23 se fliegen. In diesen Minuten hiess es dann zu handeln. Mutter hatte keine

7 893 727 24 Ruhe, ich soll nicht in der Wohnung bleiben. Demzufolge fuhr ich eine

7 914 758 21 Zeitlang [sic] mit dem Auto kreuz und quer in X. umher und sah, dass diese Zer-

8 931 749 20 stӧungen in den Wohnungen nun voll im Gange waren. Ich stellte nun das

10 947 736 23 Auto zu anderen auf der Strasse, da man sich im Auto nicht mehr sicher

5 963 80 26 fühlte.

80 985 675 21 Als ich nun zu Fuss mit der Aktentasche, in welcher unsere Pӓsse

3 999 761 22 und Visen für USA. waren, umherlief, musste ich mich natürlich zusammen-

4 1017 761 34 nehmen, um nicht wegzulaufen, wenn mir solch ein Trupp in die Quere kam. Es
