806 1008
91 85 653 38 Was sollten wir nun tun? wir standen beim Fenster, naturlich hinterm

89 112 650 28 Vorhang, damit man uns nicht sehen konnte, uns beobachteten die Ein-

86 127 682 30 wohner. Es war eine lange Dorfstrasse mit sehr geringem Verkehr, hie un

87 144 665 27 da fuhr ein Lastauto oder Radfahrer vorbei. Gegenuber von uns war ein

86 160 667 30 Häuschen in dem unzahlige Leute wohnten, denn jeden Augenblick konnte

84 175 692 31 man jemand andern beim Fenster erscheinen sehen. So hatten wir wenigstens

89 190 633 30 eine kleine Ablenkung. Beim Klo in unserem Gasthof war ein kleiner

87 208 646 27 Balkon, der auf ein Gartchen schaute, dorthin gingen wir, um "frische

85 220 686 32 Luft" zu haben, da wir das Fenster in unserem Zimmer meistens zu hatten

103 240 667 29 .. heute ist der 13., in zwei Tagen läuft das französische Visum ab, was

88 256 681 30 dann. Zurück können wir auch nicht mehr.. Wir beschlossen, nicht nervos

89 273 637 27 oder ungeduldig zu werden. Wir assen, standen wieder am Fenster und

89 285 678 30 warteten. Nach dem Tee sahen wir das kleine Auto draussen, es war wirk-

89 302 633 34 lich der Kinobesitzer, er stieg aus und winkte uns zu, kam herauf,

91 318 665 31 aber er hatte Fritz noch nicht gesprochen, er war auf dem wege zu ihm.

89 336 654 31 Es war 9 Uhr vorbei als es an unsere Tür klopfte. "Alles in Ordnung",

89 351 646 32 begrüsste uns xxxxx der Kinobesitzer. Und uberreichte uns die Passe

89 368 633 32 und einen Brief von Fritz, dann wünschte er uns noch Gluck und ver-

90 384 683 30 abschiedete sich. Ja, er sagte noch, dass Fritz uns leider nicht an die

89 403 596 26 Grenze begleiten könne, denn er müsse gleich nach Prag fahren.

91 415 641 32 Er riet uns noch den Wirt zu bitten uns früh an die Bahn zu fahren,

89 431 654 31 damit wir das Gepack nicht zu schleppen hatten, da es doch ein ziem-

89 453 195 29 lich weiter Weg war.

88 461 649 40 Nun gingen Mutzi und ich wieder aufs Zimmer zuruck und lasen zuerst

85 490 118 24 den Brief.

89 491 655 37 "Gnadige, ich schicke Ihnen hier das ungarische Visum und etwas Geld.

81 508 679 37 Leider kann ich Sie nicht mehr weiter begleiten, da ich hier wichtiges

89 528 677 32 zu tun habe, aber haben Sie keine Angst, alles wird schon ganz einfach

93 544 659 35 geben. Ich schicke Ihnen einige Zehnmarkscheine, die nehmen Sie mit.

92 557 678 37 Morgen früh fahren Sie zunachst nach Bratislava, dort mussen Sie leider

89 572 684 38 den Tag irgendwie verbringen, da Ihr Zug nach Budapest erst nach Mitter

89 591 684 40 nacht weitergeht. Nehmen Sie zweiter Klasse Fahrkarten, und in Budapest

90 610 657 41 werden Ihnen ja Ihre Freunde schon weiterhelfen. Das Geld geben Sie

92 639 638 32 am besten in ein Stück dunkles Tuch und verstecken es zwischen den

90 653 663 32 Sitzen in einem leeren Coupé, ich nehme an, dass Sie keine Schwierig-

91 672 639 36 keiten damit haben werden, denn der Zug wird sicher leer sein. Also

92 687 648 39 haben Sie keine Angst, alles wird schon gehen. D s Geld konnen Sie

95 705 677 35 sich dann nach der Grenze holen und in Budapest einwechseln. Ich glaube

96 720 659 36 das ist alles. Bitte vernichten Sie den Brief, sobald Sie ihn gelesen

94 746 60 26 haben.

92 762 666 37 Das kann ich nicht machen, meinte Mutz ganz verzweifelt, das nennt er,

89 786 637 29 er bringt uns heil über die ungarische Grenze! Ich werde versuchen,

96 803 632 27 über die Grenze zu kommen, aber das mit dem Geld mach’/ ich nicht.

97 815 660 34 - Naturlich hatten wir es uns beide ganz anders vorgestellt, er hatte

94 830 672 35 uns doch so und so oft versprochen, uns bis über die Grenze zu bringen

95 850 646 31 und jetzt schrieb er einfach einen Brief, wir sollten Geld uber die

97 869 670 27 Grenze schwindeln, wozu zahlen wir ihm eigentlich so viel Geld, und ga

100 890 668 22 gaben ihm gestern noch einen ganz ansehnlichen Betrag? Aber von hier

100 905 642 29 weg mussten wir um jeden Preis, und zur/ck konnten wir auch nicht

100 919 304 30 Also hatten wir doch keine Wahl.
