803 1004
607 43 88 34 wortlich

609 82 105 25 schliessen

112 95 504 27 Weisste Mutz wir werden uns jetzt noch zu nichts ent

112 114 662 29 wir werden morgen im Zug sehen, was wir mit dem Geld machen, meinte

112 136 43 22 ich.

113 141 656 35 Also gingen wir hinunter zum Wirt ihm sagen, dass wir früh wegfahren

113 166 656 25 und ob wir zur Bahn gefahren werden konnten. Wir zahlten und gingen

113 181 91 23 schlafen.

112 192 649 28 Besser gesagt, wir legten uns hin, und fingen an zu uberlegen was wohl

113 218 622 22 das Beste wäre morgens zu machen. gten wir nichts einander von

113 226 663 26 unseren Bedenken, im Gegenteil wir versuchten beide alles als selbst-

113 245 251 25 verständlich hinzustellen.

112 260 631 24 Es war doch direkt grotesk, Mutz und ich lagen in einem winzigen

113 276 649 23 Gasthof in Holič (den Namen dieses Ortes hatte ich naturlich nie im

111 291 667 28 Leben gehört) auf der Flucht aus Prag von unserem Heim - aber auf dem

112 311 664 21 Weg zu Fietz und Lisinka (Bruder und Schwester, Anm. d. Berichterst-

113 325 660 23 ters), ich musste immer daran denken und das gab mir dann wieder Mut.

111 341 676 26 Ausserdem gab es ja auch kein Zurück für uns jetzt, wo wir endlich die

112 358 649 23 Grenze überschritten hatten. Warum sollten wir eigentlich das Geld

112 373 665 26 nicht mitnehmen, es war doch unser Eigentum und wir haben alles alles

111 388 668 27 doch zurücklassen müssen, und warum nur weil ein Mensch verruckt gewo

111 404 666 27 den ist und die Welt beherrschen will, und soviel Unheil anrichtet wi

112 419 640 26 man es nicht schildern kann. Wenn ich daran dachte, dass wir Geld

111 436 668 29 unerlaubt über die Grenze schwindeln sollten, wurde mir ganz heiss, abe

113 451 659 34 es war doch wirklich nichts so schlechtes. Lassen wir es bis spater,

111 470 638 25 es ist ja noch ein ganzer Tag bis dahin, und dann werden wir schon

113 491 283 22 sehen, was wir machen werden.

112 497 649 30 Morgens wurden wir von unserem Wirt an die Bahn gefahren. Wir waren

113 517 657 27 sehr zeitig an der Bahn, und so beobachtete ich die Leute, die da mit

112 532 641 26 uns auf den Zug warteten. Es waren einfache Bauersleute, die alle so

113 550 607 27 gutmütig aussahen und sich gutgelaunt miteinander unterhielten.

114 565 646 29 Vielleicht ware ich in diesem Moment ganz gerne an ihrer Stelle ge-

113 583 643 25 wesen, etwas Angst hatte ich auch, dass wir hier auffallen konnten,

113 598 662 27 und wenn ein Mann zufallig zweimal an uns vorbeiging, dachte ich scho

114 612 656 31 er beobachte uns. Der Zug hatte natürlich Verspatung, sicher war er

116 635 297 23 der Grenze aufgehalten worden.

114 643 640 32 Endlich kam er und wir fuhren mit dreimal umsteigen ohne besondere

114 663 655 28 Aufregungen oder Hindernisse nach Bratislava. Da gaben wir unser Ge-

113 678 663 30 päck ab und gingen in die Stadt. Die Stadt ist an sich schön, besonders

115 693 652 29 die Donau, die hier schon sehr breit ist. Wir kamen gegen mittag an,

114 708 662 32 zuerst kauften wir unsere F hrkarten, besser gesagt wir bestellten si

114 725 664 27 denn wir sollten sie erst nachmittags abholen, und dann gingen wir essen.

114 741 664 30 Wir beschlossen gut zu essen noch fur unser letztes Geld, wer weiss, ob

116 758 662 27 wir es später wieder tun können. Also machten wir uns auf den Weg ins

115 773 646 28 Carlton, das beste Hotel in Bratislava. Näch einigem Herumirren und

114 791 646 27 Herumfragen langten wir dort an. Es war wirklich schon, die Gesell-

116 807 662 27 schaft war sehr gemischt, teils gutes ausländisches Publikum und teils

115 824 640 26 Nazis. Nach Tisch gingen wir um unsere Fahrkarten und dann wollten

117 838 644 25 wir noch einen Kaffee trinken gehen, irgêndwie mussten wir doch die

116 854 652 27 Zeit verbringen, also nachdem wir den Platz zweimal hinauf und hin-

115 872 665 25 unter gegangen waren, bei drückender Hitze, gingen wir ins erste beste

116 886 643 26 Café. Natürlich ein Nazicafé, wie wir zu unserem Schreck bemerkten.

117 903 650 25 Aber wir blieben trotzdem da. Froh waren wir, die Nazis los zu sein,

115 921 662 29 und da mussten wir in ein Café gehen wo anscheinend ein Stammlokal de

116 939 99 34 Nazis war.
