793 1122
302 41 66 20 - 4 -

27 100 722 29 und waren wir Sonntags vor unserer Ausreise nochmals auf Papas Grab

27 125 731 21 und auf dem der Grosseltern. Am 6. Dezember waren es zehn Jahre, dass

28 143 709 20 Papa gestorben ist und konnte ich diesmal nicht zum Kaddischsagen

28 159 718 22 in eine Synagoge gehen, da diese alle zerstӧrt waren. Am 7. Dezember

28 179 688 21 sind wir nachts um 2 Uhr nach Amsterdam gefahren in ...., da ich

26 193 720 22 mittags noch eine Besprechung mit .... hatte und ich nach derselben

27 212 728 20 nicht lӓnger in Deutschland b/leiben wollte. In .... wurden die

26 228 740 27 Leute ausgewiesen uns mussten mittags .... verlassen. Bevor sie jedoch

27 247 738 21 zum Zuge durften, war an der Perronsperre eine Kontrolle für die Mӓn-

28 263 707 24 ner durch SS. und für die Frauen durch die Frauenschaft. Den Juden

27 283 719 20 wurde dabei der Schmuck sowie das Geld bis auf einen kleinen Betrag

26 298 739 22 abgenommen, sodass diese so ziemlich mitellos ankamen. Die Leute wa-

26 316 723 23 ren froh, ihr Leben gerettet zu haben, die Bilder waren schrecklich.

25 331 729 25 Die Mӓnner waren verhaftet und die Frauen kamen in dieser Verfassung

24 351 727 23 mit den Kindern an. Auch wusste man zunӓchst nicht, wohin die Mӓnner

27 369 707 21 gebracht wurden und was sie mit diesen vorhatten. In .... wurde ein

26 387 729 21 Teil der Mӓnner ins Gefӓngnis und die anderen in das jüdische Kaffee

24 404 729 22 gebracht. In dem Kaffee lagen sie zunӓchst auf Stroh und sollen sie

26 421 696 22 auch dort nicht so schӧn behandelt worden sein. Von da wurden die

25 440 701 20 Mӓnner nach ... und dann nach Dachau abtransportiert. Drei Mӓnner

24 456 719 20 unter anderen auch .... hatten ihr Visum für USA und wurden deshalb

25 474 193 22 in ..... entlassen.

75 500 680 21 Zunӓchst traute sich niemand mehr nach .... zurück. Eines Tages

24 517 729 21 jedoch wurden die Flüchtlinge in ..... von der Gestapo wieder ausge-

23 532 740 25 wiesen und sollten zurück nach ihrem früheren Wohnort. Man wusste al-

24 552 751 23 so nicht, was die Leute eigentlich machen sollten und hatte jede Stadt

24 569 756 21 ihre eigenen Anordnungen, denn von Gesetzen war ja nicht mehr zu reden.

23 588 750 20 In ... war es besonders schӧn, denn der Kreisleiter ist ein beson-

23 604 766 24 derer Held in dieser Art. Die Wohnungen waren fast alle mehr oder weniger

22 622 722 23 demoliert und nicht zu wenig gestohlen. Die Frauen durften zunӓchst

22 640 731 22 in die demolierten Wohnungen und wussten nicht, wo anfangen mit auf-

21 658 761 21 rӓumen. Die wohnungen waren durch die Polizei versiegelt und musste man

22 676 751 22 dort erst den Schlüssel bekommen, damit man hineinkonnte. Mama war mit

83 693 658 26 ...., die ӧfter bei uns war und mit .... in .... bei Verwandten mit

22 711 724 23 der Schwiegermutter wohnte .... Sie musste auch nach ... zur Gestapo,

22 730 754 22 bis sie in die Wohnung konnten. In dieser Wohnung hatten sie vergessen,

23 747 748 21 zu demolieren und hatten wir auch hierhin Dusel, da wir dort unsere Uhr

23 766 741 21 etc. liegen hatten, denn ich hatte diese Sachen noch nicht in ...., da

22 782 750 22 ich am Anfang, solange Mama im Krankenhaus war, bei .... und auch in

21 800 741 20 .... wohnte. Ich hatte in ... das reinste Anwaltsbüro, nachdem die Frauen

22 818 729 21 erfahren hatten, ich sei nicht geholt worden, und ich hatte immer zu

23 835 709 22 tun ausser meinen Sachen, Gesuche zu schreiben für Bekannte an die

22 853 757 22 Gestapo wegen Entlassung der verhafteten Mӓnner. Die Mӓnner wurden mit-

21 870 740 22 unter auch entlassen, wenn diese zum Konsulat vorgeladen waren. Hier

24 885 706 25 hӧrte ich auch, ..... sei entlassen worden, ich weiss nicht, ob es

22 906 728 21 stimmt, jedoch kann es auch sein, da er auch seine Auswanderung nach

20 921 728 23 USA. betrieben hat. Bei der Demolierung bekam der alte X., der herz-

20 939 748 24 krank war, einen Herzschlag. Wer ihn beerdigt hat, weiss man nicht, da

21 959 739 21 keine Männer mehr in .... waren. Ein Herr Z. in .... starb auch an ei-

20 977 739 22 nem Herzschlag. Y soll im Konzentrationslager gestorben sein. P. soll

20 993 408 25 auf der Flucht erschossen worden sein.

72 1020 704 22 Was alles passiert ist, konnte man überhaupt nicht feststellen und

20 1039 741 22 schwirrten natürlich in diesen Tagen allerhand Gerüchte in der Aufre-

20 1057 758 30 gung umher, die sich spӓter als falsch herausstellten. Ich selbst konn-
