793 1122
232 53 63 22 - 5 -

30 104 711 22 te nicht mehr nach .... bis zu dem Sonntag vor unserer Ausreise. Es

30 122 744 21 wurde mir von Bekannnten und auch von jemand auf der Kreisleitung, mit

31 140 734 20 dem ich telefonierte, abgeraten, nach .... zu gehen. Bei uns im Huas

31 158 752 21 ist die erste Etage an ein Militӓrbüro vermietet. In der zweiten

31 173 721 24 Etage wurde am Korridor die grosse Scheibe eingeschlagen und gingen

30 193 743 22 die feinen Herren weiter, nachdem sie sahen, dass unsere Wohnung leer

29 209 760 25 war. In der dritten Etage hӓtten sie die Mӧbel auch demoliert. Frau ...

29 226 730 24 war zu ihren Verwandten gefahren. Die Wohnung ist an einen Feldwebel

29 244 707 26 vermietet und hatte Frau .... die Absicht, die Wohnung aufzugeben,

28 265 390 21 nachdem wir nach .... gezogen waren.

81 283 661 31 Vom Friedhof gingen wir an dem Sonntag zu ...., die an diesem

27 305 735 25 Tage da war. .... ist auch in Dachau und .... mit .... bei ihren El-

28 322 696 24 tern. Der Vater von ihr war auch geholt, jedoch wieder entlassen,

28 342 730 22 wӓhrend der Bruder noch geholt war. Wie die Wohnung bei .... aussah,

28 359 752 22 ist kaum zu schildern. Die schweren Mӧbel waren zu Brennholz zusammen-

29 377 691 24 gehackt, die Bilder aufgeschlitzt, alles Geschirr und Spiegel in

29 393 734 22 tausend Stücke geschlagen. Dieses Durcheinander lag in allen Zimmern

28 412 723 21 umher. An Wӓsche war nur da, was alt und dreckig war, ebenso an An-

28 430 761 23 zügen. Silber und was neu war, fehlte alles. Es ist nicht vorzustellen,

27 446 743 22 wie es aussah und kӧnnt Ihr durch meine Schilderungen Euch nicht vor-

28 467 722 21 stellen, wie die demolierten Wohnungen aussahen. Es hat auch keinen

27 482 706 25 Zweck, es weiter zu erzӓhlen, sonst findet man kein Ende. Bei .....

27 502 676 20 haben wir gegessen, und ich ist auch bei diesem, viel demoliert.

147 527 602 25 ...... ging mit seiner Familie nach ... zu dem Schwager und war

27 546 742 20 auch bei uns im Logis. Er wird jetzt unterwegs sein hierher und hatte

26 561 730 24 zuerst die Absicht, bis Abgang des Dampfers nach Luxemburg zu gehen,

26 581 709 23 wo .... hin ausgewandert ist. Onkel .... war auch noch bei uns und

26 598 732 22 haben sie ihm auch alles demoliert. Er will auch hierher, hat jedoch

27 617 721 21 eine hohe Registrierungsnummer beim Konsulat. Die Bürgschaft hat er

25 633 367 27 durch Elsbeth und deren Bekannten.

76 659 672 23 In .... waren wir eine Nacht, da ich unter Tag keine Zeit hatte

24 676 723 27 und jeden Tag unterwegs war wegen der Auswanderung. Dort hatten sie

25 696 702 23 keine Wohnungendemoliert und Kurt wurde auch nicht geholt. Tante

24 713 702 22 Frieda soll nӓchstens nach Schweden zu .... Für .... hat .... die

24 730 742 27 Bürgschaft gesorgt. Für .... und .... hat es noch nicht mit der Bürg-

25 751 723 21 schaft geklappt, jedoch hoffen wir, auch dies fertigzubringen, denn

25 767 742 24 diese haben eine niedrige Nummer beim Konsulat. Wir hoffen, dass es ge-

24 787 485 21 lingen wird, diesselben bald herauszubekommen.

76 810 659 27 In .... traf ich .... aus Amsterdam auf der Strasse und kam er

23 829 725 22 gleich mittags zu mir. Ich erzӓhlte ihm, dass wir das Visum für USA

24 847 754 23 haben und nach Holland wollen. Er schrieb mir von zu Haus gleich einen

25 864 720 23 Einladungsbrief und hatte ich auch einen von ... auf mein Telefon-

24 883 710 23 gesprӓch hin. Mit uns fuhr nach Holland auch Familie ...... Er war

24 900 733 23 von Mannheim weggefahren zu Verwandten und war dort im Gefängnis bis

25 919 741 22 zur Vorladung beim Konsulat. Er hatte es dort aber nicht schlecht und

23 936 601 24 war er froh, nicht in das Konzentrationslager zu kommen.

75 962 660 24 Jetzt mӧchte ich aber aufhӧren mit Schilderung dieser schӧnen

21 979 744 25 Sachen, da ich heirher noch Seiten schreiben kӧnnte und dies keinen

23 997 721 24 Zweck hat. Nach diesen Zeilen kӧnnt Ihr Euch ein Bild machen, unter

23 1018 731 22 was für feinen Leuten wir gelebt haben. Sicherlich gibt es auch noch

23 1036 721 28 anstӓndige dort, jedoch ist es einmal Tatsache, dass in Deutschland
