1400 1996
554 38 70 35 -4-

387 109 899 55 Wir bitten Sie daher sehr geehrter Herr Amtsdirektor

163 149 1090 42 in erster Linie uns darüber Mitteilungen zu machen, was mit uns

163 181 1090 43 weiter geschehen wird. Wir wollen soweit dies Ihnen möglich ist,

164 207 1101 42 Klarheit dar über, ob wir nach Polen abtransportiert werden, oder

164 241 1134 38 nicht. Wenn ja, zu welchem Zeitpunkte. Sollte der Transport in ab-

164 266 1136 40 sehbarer Zeit nicht durchgeführt werden, so ist es eine selbstver-

166 296 1045 41 ständliche Frage, wie lange wir noch hier bleiben müssen. Die

164 327 1121 38 meisten Leute unseres Transportes haben ihre Wohnungen liquidiert

161 352 1087 42 und sorgen sich Tag und Nacht, was geschehen wird, im Falle wir

161 382 1147 40 nach Hause gehen dürfen, da wir ja kein "nach Hause“ mehr besitzen.

164 409 1132 41 Wird der Transport doch durchgeführt, woher sollen wir uns Lebens-

161 437 1140 42 mittel für die Dauer des Transportes verschaffen? Bei allen diesen

163 469 1102 43 für uns besonders wichtigen Fragen muss auch in Betracht gezogen

161 494 1172 48 werden, dass wir nicht so wie beim ersten und zweiten Polentransport

161 527 1105 41 eine Gruppe nur aus Männern bestehend sind, sondern viele Frauen

161 555 499 42 und Kinder zu betreuen haben.

384 610 936 42 Wir sind uns dessen überzeugt, dass Sie, sehr geehrter

156 637 1160 44 Herr Amtsdirektor, unseren Bericht in einem für uns günstigen Sinne

159 670 1106 46 erledigen und genehmigen Sie den Ausdruck unserer vorzüglichsten

905 728 213 50 Hochachtung
