806 1008
86 93 688 35 Ueberall deutsche Zeitungen, Völkischer Beobachter etz.Plötzlich meinte

86 116 639 31 Mutti "weisst Du, wir sollten wirklich noch versuchen etwas Pengö

88 131 684 31 zu bekommen, ich glaube am ehesten werden sie es im Carlton haben." Also

88 146 674 35 gingen wir noch einmal zurück und fragten den Portier, der hatte natur-

89 165 654 32 lich keine Pengö aber im dortigen Reisebüro konnten wir 30 Pengö be-

90 182 666 28 kommen, mehr durften wir angeblich nicht mitnehmen. Als der Mann dort

89 196 647 33 unseren czechischen Pass sah konnte er absolut nicht verstehen, wie

89 210 672 32 wir es fertig gebracht hatten herauszukommen, und erzahlte uns gliich,

89 230 648 34 dass er sich so bemühe, seine Familie herauszubekommen aber es ganz

89 254 139 24 unmöglich sei.

89 257 686 39 So war es fünf Uhr nachmittag geworden also hatten wir immer noch massig

87 278 684 32 Zeit. Nun gingen wir auf jeden Fall etwas schwarzes Tuch kaufen wie uns

90 290 647 38 Smetana geraten hatte. So kamen wir ins jüdische Viertel. Da sah es

91 308 647 35 furchtbar aus, viele der Laden waren überhaupt gesperrt, die andern

89 325 646 38 halb ausgeleert und es gab nicht einen Laden, der unbeschadigt war.

89 344 669 39 Auf jedem waren irgendwelche antijüdischen Aufschriften und der Laden

89 368 640 31 war demoliert. Wir gingen in einen hinein und die Leute hier waren

91 388 681 35 so unglücklich und bedrückt und versuchten uns ihre ganze Habe anzubie-

91 405 681 34 ten. Nachdem wir dieses Stück Stoff bekommen hatten, gingen wir noch ein-

91 419 667 39 mal in ein Caféhaus, diesmal in ein sehr national czechisches, wo es

94 439 635 30 entschieden gemütlicher war. Wir hatten noch gegen hundert Kronen

94 453 673 35 übrig, die wir noch ausgeben wollten, denn mitnehmen konnten wir sie ja

94 467 682 36 doch nicht. Also schauten wir uns noch die Geschäfte an, aber die meist

93 485 665 34 waren schon geschlossen und so kauften wir garnichtt mehr. Wir fuhren

94 499 654 32 sehr bald auf den B hnhof und hatten dort noch ein grosses N chtmahl,

93 518 665 28 um noch etwas von dêm Gelde auszugeben, den Rest wollte Mutzi einfach

93 532 655 30 wegwerfen, wir trauten uns nicht es einem Schaffner zu schenken. Wir

93 549 626 35 kauften noch Zigaretten für Friedl und ein Buch, und stiegen ein.

93 576 678 36 Es war nicht so leer wie uns vorausgesagt wurde, es war nur ein einzige

94 598 646 32 Abteil leer, in das gingen wir sofort hinein, aber was sollten wir

94 609 648 39 jetzt mit dem Geld machen. Mutzi hatte es noch in ihrer Kostümjacke

96 626 667 34 und wollte es eben zum Fenster hinauswerfen als plötzlich ein slowaki-

153 642 612 36 Grenzbeamte vor uns standen und fragten wieviel Geld wir mithätten.

97 660 643 34 Wir hatten nicht erwartet dass Bratislava so nahe der Grenze ist, was

98 688 653 38 "Já ale ještě mám 30 korun sebou" (ich habe aber noch 30 Kc bei mir)

96 709 643 36 einte Mutzi, das war uns nämlich von unserm czechischen Geld übrig-

97 724 672 36 geblieben. Die Beamten waren ganz besonders nett, der eine war ein ganz

100 742 664 35 junger Soldat, sie wollten uns das Geld an eine Praer Adresse zuruck-

97 761 611 27 schicken, aber wir wollten das nicht und boten es ihnen an, was

99 775 667 28 sie natürlich ablehnten. Nach einer langen Diskussion einigten wir uns

99 794 648 25 dass wir es dort bei ihnen deponieren lassen. "Až se vrátíte můžete

100 812 641 29 si pro to přijít" (Wenn Sie zurückkommen, können Sie sich's holen) ...

98 839 632 28 Und dann verabschiedeten sie sich, der Zug fuhr weiter und nichts

100 859 649 25 schah, ich hatte erwartet, dass die Beamten noch zurückkommen würden,

100 873 604 34 aber es kamen nur noch die Ungarn und dann waren wir in Ungarn.
