785 978
262 38 210 32 Auschwitz by R.Lasker

492 44 38 24 -9-

80 103 219 29 tot losgemacht wurden.

282 137 441 29 eden Morgen, vor dem Zaehlappell wurden die in

80 174 652 21 der Nacht Gestorbenen vor die Baracke gelegt, nachdem man sie nackt

79 206 213 23 ausgezogen hatte; die

328 202 427 28 Blockaelteste, die der SS ihren Rapport gab,

79 237 685 24 meldete dann: Baracke soundso angetreten, zweitausend stehend, 50 Tote,

80 270 643 20 zweihundert krank.- Die zweihundert Kranken wurden dann sofort ins

80 300 669 22 sogenannte "Revier", das Lagerlazarett abgeschoben; die naechste Sta-

82 334 325 18 tion war fuer sie die Gaskammer.

272 364 450 23 Ich hatte vor meiner Ankunft im Lager noch nie

80 396 653 20 eine  eiche gesehen, und ich werde nie vergessen, wie ich am ersten

81 424 640 24 Tag nach meiner Ankunft unglaeubig auf einen Haufen aufeinanderge-

79 458 679 26 stapelter verrenkter Glieder starrte, bis es mir klar wurde, dass dies

79 486 679 27 tote Frauen waren.  ch gewoehnte mich aber sehr bald an diesen Anblick

79 521 671 23 und arbeitete spaeter eine Zeitlang beim Leichenkommando, wo/ es mei-

79 554 679 23 ne Aufgabe war, die nackten Toten auf einen Karren zu laden, der/ dann

80 585 383 22 spaeter ins Krematorium gefahren wurde.

260 614 474 25 Zusammenfassend moechte ich sagen, dass fuer den

80 646 668 27 individuellen Menschen das Schlimmste im Lager die staendige koerper-

80 678 652 28 liche Erniedrigung war und die vollkommen hoffnungslos erscheinende

80 712 660 23 Lage fuer die Zukunft. Viele von uns hatten keine Angst mehr vor der

83 740 640 27 Vergasung und wuneschten uns den Tod. Diejenigen von uns, die noch

80 774 660 27 an Gott glaubten, beteten jeden Abend: "Lieber Gott, lass uns morgen

79 807 660 23 nicht mehr aufwachen."- Nein, das schlimmste war, stundenlang, abend

79 837 684 26 und morgen in eisiger Kaelte, und im Sommer in gluehender Hitze, still-

79 871 669 23 zustehen, bis das gazne  ager abgezaehlt war; fast jeder von uns litt

79 908 688 26 an chronischer blutiger Dysentrie, aber es war streng verboten, waehrend
