2418 3484
528 116 1518 104 Denkschrift über die Ausübung der Gerischtsbarkeit

810 197 555 75 in Theresienstadt.

502 330 1828 99 Die Gerichtsbarkeit des Gerichtes der Jüdischen Selbstverwal-

203 389 2145 95 tung in Theresienstadt leitete sich aus der Ermächtigung durch die hie-

206 438 2171 102 sige Dienststelle der deutschen Sicherheitsbehörden ab. Sie umfasste die

203 487 2092 105 Gerichtsbarkeit in Vormundschafts-, Verlassenschafts- und Strafsachen.

206 540 2116 98 In Verlassenschaftssachen beschränkte sich die Tätigkeit des Gerichtes

203 592 2119 104 auf die Beschlagnahme der hinterlassenen Kleider- und Wäschestücke, da

206 641 2037 96 die jüdische Siedlung die zur Ausstattung der notleidenden Bewohner

206 696 2145 93 erforderlichen Stücke auf andere Weise nicht erlangen konnte; wirkliche

200 743 2122 96 Nachlassbehandlungen gab es mangels von Vermögen nicht. Die Zuständig-

197 792 2122 99 keit des Gerichtes in Strafsachen deckte sich ursprünglich mit der ge-

203 844 2116 96 wöhnlichen Zuständigkeit eines Bezirksgerichtes. Aus Anlass besonderer

200 894 2063 96 Fälle wurde die Gerichtsbarkeit durch Sonderermächtigung der Dienst-

200 946 2122 99 stelle allmählich erweitert und umfasste schliesslich die volle Kompe-

200 990 2174 107 tenz zur Aburteilung von Verbrechen und Vergehen, deren Aburteilung, wie

197 1051 1790 92 jene der Uebertretungen einem Einzelrichter anvertraut war.

494 1097 1825 102 Da mit dem Wegfall der Dienststelle die rechtliche Grundlage

191 1143 2070 99 der Gerichtsbarkeit entfallen war, wurde die Tätigkeit des Gerichtes

194 1196 2049 104 vorläufig zum grössten Teile eingestellt und nur soweit fortgesetzt,

194 1242 2128 105 als es sich um die Feststellung strafbarere Tatbestände im Vorverfahren

186 1291 293 85 handelte.

488 1338 1889 113 Eine besondere Vormundschaftsgerichtsbarkeit für Theresienstadt

188 1390 2180 111 ist mit Rücksicht auf die voraussichtlich kurze Dauer des Bestandes die-

191 1442 2157 114 ser Siedlung vollkommen entbehrlich. Desgleichen entfällt das Bedürfnis

188 1498 2180 104 nach einer Verlassenschaftsgerichtsbarkeit, da die Tätigkeit des Gerich-

191 1544 2119 107 tes nur in der Entscheidung bestehen könnte, dass mangels eines Vermö-

188 1608 1515 87 gens keine Verlassenschaftsbehandlung stattfindet.

494 1657 1729 93 Unentbehrlich scheint dagegen die Aufrechterhaltung einer

180 1698 2124 116 Strafjustiz. Die Kriminalität in Theresienstadt hatte eine einzigarti-

188 1753 2061 102 ge Färbung; neben einer geringen Zahl von Amtsehrenbeleidigungen und

183 1791 2121 125 leichten Körperverletzungen (§ 411) kamen beinahe nur Vermögensdelikte

183 1849 2098 110 vor, welche durch die dürftige Ernährung veranlasst waren und entweder

180 1904 2156 113 in Diebstählen aus den Gemeinschaftslagern oder in Betrügereien bei der

177 1951 2104 110 Essensausgaben bestanden. Diese Delikte waren ihrer grossen Zahl wegen

177 2003 2182 107 bedenklich und mussten unverhältnismässig höher bestraft werden, als die

177 2052 2118 108 ausserhalb Theresienstadt üblichen Strafsätzen für solche Delikte gewe-

174 2102 2092 107 sen sind. Diese Delikte haben weiter angedauert und werden wohl nicht

174 2148 2182 128 aufhören. Das zuständige Bezirksgericht wird kaum in der Lage sein, sich

168 2212 2122 110 mit der Aburteilung dieser nach den allgemeinen Verhältnissen kleinli-

168 2255 1912 108 chen Dinge zu befassen. Straflos können sie aber nicht bleiben.

470 2308 1840 116 In der Zusammensetzung der Bevölkerung ist durch die letzten,

165 2351 2122 119 von den deutschen Behörden veranstalteten Transporte eine Verschiebung

171 2409 2162 113 eingetreten, welche in krimineller Hinsicht eine weitgehende Verschlech-

165 2450 2180 131 terung bedeutet. Es sind Transporte aus Konzentrationslagern eingelangt

165 2514 2081 110 in welchem sich politische sondern gemeine Verbrecher verwahrt waren.

162 2557 2116 119 Auch sind die übrigen Insassen von K.Z.Lagern schwer an die Einhaltung

162 2601 2174 119 von Ruhe und Ordnung zu gewöhnen. Es sind daher in der letzten Zeit viel

162 2650 2116 125 fach Verbrechen vorgekommen, deren Ahndung mangels einer ausreichenden

156 2705 2096 117 Vollzugsgewalt unterbleiben musste. Die Bestrafung solcher Handlungen

156 2755 2151 122 wird wohl durch die ordentlichen Gerichte erfolgen müssen. Diese werden

154 2801 2118 131 aber kaum in der Lage sein, die erforderlichen Organe zur Durchführung

154 2851 2156 133 des Vorverfahrens beizustellen. In diesem Umfange wäre eine Fortsetzung

151 2909 1845 116 der Tätigkeit des bisherigen jüdischen Gerichtes zweckmässig.

453 2964 1828 110 Überdies kann die Ausübung der Polizeistrafgewalt natürlich

142 3004 2180 157 nicht entbehrt werden. Sie ist bisher von einem Richter ausgeübt worden.
