793 1122
246 28 64 20 - 6 -

12 67 432 28 so etwas im 20.Jahrhundert passiert ist.

67 96 686 22 Ihr werdet sicherlich nun auch verstehen, warum ich eingangs das

12 114 749 22 Motto des Redners bei der Chanukafeier auf dem Schiff zitiert habe und

14 132 747 23 mӧchte nur nochmals erwӓhnen, dass diese Vorkommnisse nicht nur unsere

14 149 758 24 Generation sondern auch die folgenden gut im Gedӓtnis behalten sollen

14 169 490 23 und etwas derartiges kein Jude vergessen soll.

65 191 648 29 "Kinder Israels vergesst nicht, was Amalek Euch angetan hat."

65 225 706 25 Jetzt will ich aber kurz noch erwӓhnen, was in dieser Zeit für die

11 244 739 24 Auswanderung alles zu erledigen war. Dies will ich aber nicht tun, um

12 261 776 25 Euch mitzuteilen, was ich alles zu tun hatte, sondern damit Ihr verstehen

10 281 719 24 kӧnnt, wenn Ihr evtl. Euch Gedanken macht, es hӓtte dies oder jenes

10 301 303 21 noch erledigt werden kӧnnen.

9 324 742 23 Wie Ihr wisst, waren wir am 9. August beim Konsulat auf Grund der von

64 343 685 21 .... besorgten Bürgschaft vorgeladen. Da noch eine Formalitӓt bei den

11 359 758 23 Bürgschaften zu erledigen war, bekamen wir unsere Visen erst am 12. Sep-

11 377 758 25 tember. Das Schreiben ans brasilianische Konsulat habe ich selbstredend

12 395 747 22 seinerzeit sofort in Frankfurt abgegeben. Seinerzeit sagte mir der Se-

10 412 739 22 kretӓr beim Konsulat, es kӧnnte drei Monate dauern und Mama soll froh

9 430 740 22 sein, wenn sie überhaupt das Visum bekӓme, da es nur ein Empfehlungs-

11 447 758 23 schreiben sein. Wie ich euch ja mitgeteilt habe, hat Mama das Visum noch

8 465 639 23 erhalten und erübrigt sichs, hierüber nochmals zu schreiben.

72 491 697 23 Ausserdem habe ich die Einwanderung nach Uruguay betrieben. Hier-

8 507 775 25 für habe ich für uns beide auch ca. 1000,-- bereits ausgegeben. Das Visum

9 526 769 22 sollte erst in Hamburg erteilt werden und sagte mir der Konsul in Frank-

8 543 750 24 furt, ich solle alles packen und dann nach Hamburg fahren. Dort bekӓme

7 561 771 24 ich nach Erledigung verschiedener Formalitӓten das Visum. In dieser Zeit

8 579 775 24 war aber auch die Sache mit Argentinien, dass nӓmlich die Leute alles vor-

9 596 757 23 bereitet hatten und dann kam die Sperre und die Leute erhielten das Vi-

6 615 746 23 sum in Hamburg nicht und hatten die Wohnung aufgegeben und kein Visum.

69 640 697 22 Aus diesem Grunde war mir die Sache mit Uruguay etwas riskant und

3 658 762 22 konnte ich hierfür das Visum in Frankfurt nicht vor der Packerei erhal-

5 675 770 24 ten. Dies ist ja nun erledigt und habe ich diese Unterlagen mitgenommen,

4 693 429 24 wenn man sie evtl. einmal brauchen kann.

68 719 698 23 Mama hatte also in diesen kritischen Tagen zunӓchst ihr Visum für

4 735 761 29 USA und ich dasselbe. Nach Frankfurt mussten wir noch verschiedene Male

5 755 769 22 bis Mama das brasilianische Visum erhalten hat. Wir waren z.B. in Frank-

5 772 769 23 furt an einem Tage, als sie dort immer noch Leute verhafteten, obwohl die

4 790 739 23 Aktion, wie sie das Ganze nannten, abgeblasen sein sollte. Der Konsul

4 809 750 21 von Uruguay bat mich, ich sollte sofort nach Hamburg fahren und mit dem

5 825 768 23 nӓchsten Schiff ausreisen, denn in Frankfurt würdn sie immer noch Leute

3 842 770 22 holen. Es bedurfte natürlich allerhand Anstrengung, in dieser Zeit nicht

3 861 760 21 den Kopf zu verlieren. Auf den Konsulaten und auf den Büros der Schiff-

4 878 770 23 fahrtslinien sah man die Juden in Schlangen stehen und waren die Gesich-

2 896 566 24 ter dieser gehetzten Menschen fürchterlich anzusehen.

65 920 716 25 Über die Visenfrage seid Ihr nun orientiert. Nun waren noch die

0 937 763 25 Lifts abzufertigen, da wir ja das Glück hatten, dass unsere Mӧbel nicht

2 958 772 21 zusammengeschlagen wurden. Da wir am 10. Oktober nach .... übergesiedelt

2 976 740 21 waren, war für uns die Devisenstelle in .... zustӓndig und ist diesem

2 992 759 23 Amt konziliater als die Devisenstelle in .... Bachdem wir vier Wochen

1 1010 771 24 in ...... gemeldet waren, hatte ich die Absicht, für die Packerlaubnis in .

76 1031 701 31 ..... einzureichen. Das Geschirr und die Wӓsche wurden beim Umzug in ...
