785 978
227 36 287 29 Auschwitz by R. Lasker -6-

79 105 675 35 alle an chronischer Dysentrie, eine Krankheit, die Laufe der Zeit mehr

79 140 661 27 Opfer forderte als der Typhus. Ferner litten wir alle an offnen

80 174 659 26 eiternden Wunden am ganzen Koerper, die durch den voelligen Vitamin-

80 211 669 20 magel hervorgerufen wurden. Unsere Kost bestand aus einem Stueck  rot

81 238 662 26 das am abend ausgeteilt wurde und bis zum naechsten abend ausreichen

82 271 687 24 musste, und einer Schuessel undefinierbarer Suppe, in der einige Stuecke

83 301 690 26 Steckrueben schwammen. Keinerlei Gemuese, keinerlei Obst. Schwerarbeiter

83 334 689 25 bekamen zweimal in der Woche ein Stueck Blutwurst von 3 centimeterlaenge

83 367 669 24 und ein winziges Stueckchen Kaese. In die Suppe wurde Salpeter mitge-

83 396 688 24 kocht, um das Menstruieren der Frauen zu vermeiden. Keiner der weiblichen

99 428 635 30 aeftlinge, der auf die Lagerkost angewiesen war, hatte jemals ihre

95 462 74 23 eriode.

162 493 597 22 Nach vier Wochen Quarantaene wurde ich ins Hauptlager gebracht

84 524 661 23 und zur Arbeit eingeteilt. Unsere Arbeit bestand meistens aus Steine

86 555 641 26 tragen, Lehm schaufeln und Wagons ein- und ausladen. Wir arbeiteten

86 585 685 26 11 Stunden am Tag mit 10 Minuten Unterbrechung am Mittag, wenn wir eine

88 621 687 21 Schuessel Suppe bekamen. Keinen Loeffel und die Suppe so heiss, dass wir

87 648 653 27 meistens in der Zeit, die uns zur Verfuegung stand, sie nicht essen

88 679 638 31 konnten. Waehrend der Arbeit waren wir unter staendiger Bewachung.

89 714 676 24 SS mit Hunden, die sie auf uns losliessen, sobald wir einen Augenblick

88 748 632 21 verschnaufen wollten.- Um 6 Uhr abends marschierten wir uns Lager

90 776 683 25 zurueck, so totmuede, dass eine immer versuchte, die andere zu stuetzen.

89 813 675 22 Dazu mussten wir Marschlieder singen und immer im Schritt marschieren;

89 845 677 22 wenn eine etwas nachhinkte, wurde der Hund auf sie gejagt.- Am Lagertor

91 875 681 25 standen zwei SS Frauen und ein Haeftling, der uns abzaehlte, und ab und

92 908 572 25 zu wurde eine von uns aus den Reihen geholt und durchsucht.
