785 978
143 108 628 35 INSERT FOR "AUSCHWITZ" by Kenate Lasker Allais on top of page 1

141 159 576 26 Bald nach Beginn des Krieges wurde ich, wie alle Juden, die

143 197 619 20 zu dieser Zeit noch in Deutschland waren, zum Arbeitsdient ein-

142 221 622 29 gezogen. Erst zur Muellabfuhr und nachher in die Paierfabrik von

143 255 610 27 Sacrau, wo ausser uns Juden franzoesische und polnische Kriegs-

142 290 629 22 gefangene arbeiteten. Durch meine franzoesischen Sprachkenntnisse

141 319 586 23 kam ich bald in naeheren Kontakt mit den Franzosen, die mich

141 352 634 24 mit einer Organisation bekanntmachten, deren Aufgabe es war, fran-

143 381 620 24 zoesischen Kriegsgefangenen zur Flucht in ihre Heimat zu verhel-

142 416 603 20 fen. Ich schloss mich dieser Organisation an und arbeitete mit

143 443 594 28 ihnen bis zu meiner Verhaftung. Nach Kriegsende wurde ich von

143 480 611 26 der franzoesischen Regierung fuer meine Arbeit mit der "Medalle

142 509 449 31 de la reconnaissance Francaise" ausgezeichnet.
