793 1122
1 51 65 38 B.310

81 92 649 21 Aus den nachstehenden Briefauszügen gehen die Erlebnisse eines

80 106 662 28 zwӧlfjӓhrigen jüdischen Kindes in Wien im Winter 1938-39 hervor.

509 147 138 26 Februar 1939

39 172 173 25 Liebe Schwester,

100 197 661 24 Ich komme noch mit einer grossen Bitte. Aus Wien bekam ich sehr,

43 216 745 21 sehr traurige Briefe und zwar folgende. Vor ca. 10 Tagen einen, geschrie-

40 232 745 21 ben von einem Mӓdelchen, das 12 jahre alt wird, ich hatte Dir wohl schon

40 250 724 22 von ihr erzӓhlt, sie war mit ihrer Schwester nach England gekommen und

40 267 744 22 wurde von einer Bekannten wieder zurückgerufen, da die Kinder von Martha

41 284 732 21 (einer Cousine ihres Vaters) sehr schwer erkrankten. Der kleine Junge

41 302 723 21 wurde gesund, e s starb aber das kleine Mӓdel von 4 Jahren, von der ich

40 317 717 23 Dir das Bildchen einmal zeigte. – Leni schrieb mir nun, dass das Kind

41 337 732 22 gestorben ist und Martha nichts essen will, niemand sehen, nicht einmal

38 352 201 22 den kleinen Jungen.

98 377 637 21 Ich schrieb ihr einen Trostbrief und bekam gestern einen noch

38 393 686 23 traurigeren Brief, auch von dem Mӓdel geschrieben. Martha liegt im

39 411 715 21 Krankenhaus, hat einen Nervenzusammenbruch, und zwar ist es nicht der

38 429 733 21 Tod des kleinen Mӓdchens allein, sondern sie schrieb mit folgenden Wor-

39 446 725 21 ten: "Wir hatten hier sehr heisse Tage und mussten zur Abkühlung einen

37 461 711 27 Tag und eine Nacht im Keller verbringen. Als wir wieder heraus kamen,

36 481 702 22 waren Einbrecher da gewesen und haben alles gestohlen, Geld, Wӓsche,

35 503 720 25 Kleider Schmuck, selbst die Sachen von dem Kleinen, und darauf bekam

36 523 330 24 Tante Martha den Zusammenbruch".

95 547 685 22 Sie haben nichts als was sie auf dem Leibe tragen. Nun kommt meine

36 564 739 26 Bitte, hast Du von Deinem Mӓdel, was sie absolut nicht mehr tragen kann,

36 580 736 24 und auch von Dir, was Du nicht mehr trӓgst, so schicke es an Martha, es

37 601 750 21 ist eine grosse Mizweh, ich glaube bestimmt, dass Dein Mann damit einver-

35 618 128 22 standen ist.

95 640 676 23 Das Mӓdel muss nun den Jungen betreuen, tagsüber sind sie bei Be-

34 658 704 23 kannten und nachts schlӓft sie mit dem Jungen allein in der Wohnung.

34 676 513 22 Ist dies nicht ein furchtbares Trauerspiel? ......

492 714 198 29 Wien, Februar 1939

32 741 218 27 Sehr geehrte Frau Z.,

96 765 676 25 Ich erlaube mir im Namen meiner Tante Martha Ihnen für das Packet

33 787 745 20 herzlich zu danken. Meine Tante ist sehr krank und liegt im Spital. Aber

35 804 743 21 vor allem will ich mich erst bei Ihnen vorstellen, damit Sie wissen, wer

34 819 743 22 ich bin. Mein verstorbener Pappa und Tante Martha waren Cousins. Ich bin

35 834 729 26 11 ½ Jahre alt und heisse Leni und bleibe jetzt immer bei meiner Tante,

35 857 702 20 weil meine Mama auch vor einigen Wochen gestorben ist. Ich werde das

34 873 703 21 Packet aufbewahren, bis Tante Martha nach Hause kommt. Dann wird sie

36 888 728 25 Ihnen selber schreiben. Sie ist vor lauter Aufregung krank geworden. Im

32 907 724 23 Oktober ist mein Pappi gestorben, sechs Wochen spӓter meine Mammi. Der

32 924 745 25 Onkel Jacob ist auch schon seit voriges Jahr im Mai fort, ich kann Ihnen

33 942 725 21 nicht schreiben, wo er ist. Im Jӓnner ist Sonja gestorben, das war von

35 959 738 23 Tante Martha das Mӓderl. Sie war 4 Jahre alt. Tante Martha hat aber noch

33 977 724 22 ein Kind. Das ist der Hans, er ist 1 ½ Jahre alt. Jetzt ist noch etwas

33 997 724 22 passiert, ich kann Ihnen nicht alles schreiben, das war zuviel für die

31 1015 666 39 Tante. Sie hat mir oft von Ihnen erzӓhlt, Sie hat Sie sehr gerne.
