803 996
282 69 237 33 Bericht Gertrud Karsten.

101 121 594 27 Sechs Tage nach dem Einmarsch Hitlers in Prag tötete sich der

102 141 621 24 Grosskau/mann Robert K. durch einen Sprung vom Treppenhaus seiner

101 158 632 23 Wohnung. R.K. hatte seine Auswanderung nach England zwar seit den

101 174 640 26 Münchner Verhandlungen vorgesehen, aber nicht rasch genug betreiben

102 190 661 27 können. Die Arbeitserlaubnis des Home Office war nicht, wie erwartet,

102 207 649 26 im Februar eingegangen. Da K. mit der tschechischen Regierung ebenso wie

102 221 650 30 mit der Petschekbank liiert war, war sein freiwilliger Tod nur eine

105 240 653 22 Vorwegnahme des Schicksals, das kurz danach die ihm Gleichgestellten

103 254 640 25 traf. Drei Tage nach ihm folgte seine Mutter, 82 jährig ihm in den

102 273 42 24 Tod.

100 283 659 29 Die beiden ältern Kinder waren in England. Die Jüngste, Gertrud, be

102 302 671 25 chte die deutsche Schule, die im Marz von den Nazi's übernommen wurde,

103 322 330 23 und musste dort ihr Abitur machen.

103 334 658 30 Inzwischen hatte die Mutter alles versucht, um die Auswanderung für

104 351 648 27 sich und Gertrud zu bewerkstelligen. Die Einreisepapiere von England

104 367 640 26 waren kurz nach dem Tode K.. eingetroffen. Aber das Ausreisevisum

104 380 665 27 von den deutschen Behörden war nicht zu erlangen. Die Schwierigkeiten

103 400 649 27 häuften sich immer mehr. Schliesslich gaben ihr Freunde die Adresse

103 416 662 24 einer jungen Sekretärin, die ihrem Chef zur Ausreise verholfen hatte,

105 432 629 24 da sie Verbindungen zu einem Mittelsmann der Gestapo hatte. Diese

103 449 642 23 "Fritzi" brachte "Fritz", Smetana ins Haus. Anfang Juli versicherte

104 465 658 27 er, sie sollten sich nicht sorgen. Er habe bei der "Bank" (Deckwort

105 482 671 24 für Gestapo) mit dem "Obersten" gesprochen, mit dem er sehr gut stünde

104 498 647 23 er habe ihm alles für den nächsten Morgen versprochen. Fritzi fügte

104 514 654 23 hinzu, sie habe mit Herrn Schubert, dem Chef der Gestapo gesprochen;

104 531 645 24 er wünschte sich ein Auto, habe aber das Geld noch nicht beisammen.

106 546 618 23 "Ich sagte ihm, er könne es haben, aber zuerst müsse /// die zwei

103 564 215 22 Damen draussen haben."

104 577 642 29 Die Versuche hatten seit dem 9. Juni 1939, als das englische Visum

105 595 611 23 eingetroffen war, gedauert. Zuerst verlangte man ein ärztliches

104 610 621 27 Zeugnis für einen Aufenthalt in Karlsbad, das der Polizeiarzt mit

105 626 663 26 sachlicher Begründung ausstellte. Aber am nächsten Tage kamen überra-

106 640 659 29 schend die Neurath’schen Verordnungen heraus (Reiseeinschränkung etc.

105 656 664 27 nach dem Nürnberger Gesetzen). Der damalige Chef der Gestapo Freiherr

106 675 648 25 von Dürren musste nach Berlin fahren, dann kamen Feiertage an denen

107 693 443 22 nicht amtiert wurde. Inzwischen wurde es Juli.

105 707 631 26 Die versprochene Ausreise wurde wieder verschoben, es mussten die

105 722 674 25 Originale der Taufscheine vorgelegt werden. (Die Taufe war nicht lange

105 740 674 24 vorher vollzogen worden. Sie machte es u.a. möglich, ein französisches

107 754 624 25 Visum zu bekommen). Dieses französische Visum lief am 15. Juli ab.

105 769 676 26 Das Datum des Taufscheins war undeutlich geschrieben, der Pfarrer musst

107 789 662 21 eine neue Abschrift machen. Dann machte die Gestapo andere Schwierig-

107 803 663 27 keiten. Niemand ausser den Eltern der Mutter durften von der beabsich-

109 824 193 20 tigten Reise wissen.

108 832 660 28 Am 6. Juli berichtete "Fritz": eigentlich müsste er noch eine Steuer-

107 854 637 19 freischreibung vorlegen, aber das würde zu lange dauern. Ob sie in

106 869 636 25 Holland Freunde hätten? denn der Weg über die Slowakei wäre "eine

107 887 165 23 grosse Strapaze".
