793 1122
32 55 68 31 B.189

83 105 661 27 Ich bin ein erst lojaehriger oesterreichischer Fluechtling,der

32 127 717 22 vor einigen Monaten mit dem nackten Leben gluecklich der Hoelle ent-

35 144 708 23 ronnen ist.- Unter Hoelle meine ich das von 15-25 jaehrigen Ver-

34 161 247 23 brechern besetzte Wien.

82 193 661 28 Ich kann hier in wenigen Zeilen nicht all das Schreckliche und

31 211 717 24 Grausame, was ich in knapp 5 Monaten erlebt habe, schildern. Selbst,

33 229 717 23 wenn ich viele Jahre darueber sprechen wuerde, waere es mir unmoeg-

31 246 613 23 lich, das zu erzaehlen, was ich persoenlich gelitten habe.

82 277 651 25 Ganz wenig will ich jedoch versuchen zu berichten, selbstver-

30 297 710 24 staendlich nur das, was ich selbst am eigenen Koerper gefuehlt oder

30 316 342 22 mit eigenen Augen gesehen habe --

78 347 350 28 Die Tage nach dem 13. Maerz 1938:

78 374 650 26 Zu dieser Zeit drangen haeufig mit Revolvern und aufgepflanz-

27 398 735 26 ten Bajonetten bewaffnete Nazis in juedische Wohnungen und Geschaefte

29 420 309 21 ein, um diese auszupluendern.

76 450 630 24 Die juedischen Geschaefte wurden mit weisser oder schwarzer

27 467 698 23 Farbe beschmiert und neben Zeichnungen , die Juden darstellen soll-

28 485 667 22 ten, fand man auf jedem juedischen Geschaeft folgende Inschrift:

28 501 692 26 "JUD oder SAUJUD", einige Zeit spaeter "BIN SCHON IN DACHAU" etc.

28 517 684 26 Die juedischen Geschaefte wurden unter die Leitung eines arischen

26 536 686 24 Kommissars gestellt, falls sie nicht sofort "arisiert" das heisst

25 554 271 21 von Nazis geraubt wurden.

77 585 618 25 Juedischen Rechtsanwaelten wurde das Ausuebungsrecht ihres

23 604 689 23 Berufes entzogen. 15.000 Juden waren im April bereit brotlos und

25 619 519 25 wurden von der israel. Kultusgemeinde ausgespeist.

75 664 630 21 Von den braunen Horden wurden Damen und Herren willkuerlich

19 678 649 19 auf der Strasse zusammengefangen oder von den Wohnungen zum

27 686 683 25 "Reiben" (waschen) geholt. Sie mussten die Aufschriften des alten

25 705 707 24 Regimes abwaschen, wobei sie von den Nazis verlacht und misshandelt

22 723 81 23 wurden.

83 755 627 25 Die S.A. besetzte manchmal juedische Wohnungen, um im Radio

17 775 242 21 Hitler reden zu hoeren.

82 808 650 25 Auf der Strasse mussten alte Juden nicht selten militaerische

19 825 414 25 Uebungen machen oder Gymnastik treiben.

17 877 241 28 Verhaftungen beginnen:

81 895 681 21 Hat sich ein Jude um eine Ausreise ins Ausland bemueht, so wurde

24 910 596 27 er verhaftet, weil "Fluchtgefahr" bei ihm vermutet wurde.

79 939 679 28 Hat sich andererseits ein Jude nicht um die Ausreise bemueht, so

10 955 736 33 "wollte" er ja in Deutschland bleiben und wurde ebenfalls verhaftet !!!

80 994 616 33 Die prominenten Wiener Juden kamen jetzt groesstenteils in

18 1007 140 31 "Schutshaft".
