800 1000
360 64 61 31 - 2 -

107 95 611 33 notduerftig gekleidet, kahle Koepfe, schleppen schwere Steine,

107 119 645 25 Maenner mit Knueppel dahinter. Diese sausen fortwaehrend auf ihre

107 136 619 24 armen Glieder. Hinter der Baracke liegen haufenweise die Toten,

108 150 642 25 die taeglich an Typhus sterben, und nach denen sich niemand umge-

109 168 651 26 sehen hat, so lange noch ein Funken Leben in ihnen war. Dies alles

107 185 653 23 ist eingerahmt mit Stacheldracht, soweit das Auge sieht. Er ist mit

109 199 642 25 Elektrizitaet geladen. Hinter dem Draht andere Laeger. Soweit das

108 217 643 23 Auge schaut: eine grosse Hoelle, ein niemals daegwesenes K.Z. Was

107 233 596 23 kann ich alles beschreiben? Wenn wir uns sprechen, werde ich

106 251 634 21 alles erzaehlen. Noch eins: Der SS-Lagerarzt hat zu seinem Zeit-

107 264 632 24 vertreib die Zwillingsforschung auserkoren. Was er mit uns ange-

106 283 639 24 stellt hat, ist kaum zu glauben. Hundertmal untersucht, gemessen,

108 300 602 20 gewogen. Wie viel Blut hat er uns abdezapft? Ins Auto brachte

107 315 648 24 man uns nach Auschwitz zum Photografieren (Wir waren in Birkenau).

106 332 624 23 Roentgen wurde auch nicht vergessen. Fuer all dit Strapazen grab

105 348 601 22 man uns eine Portion Suppe mehr. Das war uns sehr willkommen,

106 365 595 19 so konnten wir schon wieder Vater und Mutter damit helfen. -

105 379 606 23 Jetzt moechte ich etwas ueber das "Sortieren" schreiben. Dann

105 396 615 23 werdet Ihr das weitere auch besser verstehen.- Jeder Transport

105 415 615 19 mit Juden, der ankam, wurde ausgeladen. Maenner rechts, Frauen

107 429 595 21 links. In der Mitte stand breitbeinig der Kommandant und der

105 443 635 25 Lagerarzt. Erst die Frauen. Jede einzelne geht an ihm vorbei und

105 459 643 25 zeigt er mit spielerischer Gebaerde entweder nach links oder nach

105 478 640 21 rechts. Links gehen alle jungen Frauen mot kleinen Kindern ungef.

106 494 633 21 bis zu 14 Jahren. Ebenfalls alle aelteren Frauen ab 40. Es gehen

105 510 624 24 aber auch Maedchen dort, die vielleicht etwas zu dick, etwas zu

105 525 654 25 duenn sind, oder sonst irgend ein kleines Gebrechen haben. Muetter

106 544 632 19 und Toechter trennt man und sagt, dass sie sich bald wiedersehen

105 559 627 21 werden. Manche junger Tochter will ihre alte Mutter nicht lassen,

106 574 661 25 so darf sie grosszuegiger Weise mit ihr gehen. Die Maenner sortiert

106 590 605 20 man ebenso. Hier sucht er sich nur wenige kraeftige raus. Wie

105 607 635 23 willkuerlich geht dies alles. Wie viele junge Maedchen sehen ein

105 623 650 22 wenig dicker aus, weil sie zum Transport doppelte Kleidung angezo-

106 640 650 20 gen haben. Warm ist eine Frau oder ein Mann alt, wenn er ein paar

105 655 614 21 graue Haare auf dem Kopf hat.- Nun, die linke Seite fuehrt man

106 670 587 23 zum Gas. Wenige Schritte und schon ist die lange Reihe beim

106 686 604 25 Krematorium. Nichts verraet von aussen, welch Moerderwerk von

106 700 633 28 innen verrichtet wird. Es ist aus roten Ziegelsteinen gebaut und

106 717 599 25 schaut aus wie ein Badhaus. Ein paar Stufen fuehren hinunter.

106 735 629 25 Bald befinden sich die Armen in einem prachtvollen Umkleideraum.

106 750 622 25 Grosse Spiegel an den Waenden. Sie ziehen sich aus und man sagt

105 766 618 25 den Muettern, dass sie die Kinderkleider zusammenbinden sollen,

105 784 615 24 damit man sie spaeter beim Anziehen nicht suchen braucht. Dann

106 800 622 27 gehen sie in den "Duschraum". Auch dieser ist prachtvoll einge-

107 815 598 26 richtete. Wenn 100 Personen im Raum sind, faellt die Tuere zu.

107 829 642 31 In der Wand ist ein Loch und durch dieses wirft jetzt ein SS-Mann
