785 978
126 28 222 26 Auschwitz by R. Lasker

419 26 40 24 -8-

125 100 593 32 die Arbeit war einfach zu schwer fuer sie, und sie wurden oft

125 138 614 23 direkt vom Arbeitsplatz, wo sie ohnmaechtig zusammenbrachen, in

127 167 237 29 die  askammern gebracht.

251 201 494 25 Die innere Verwaltung des Lagers, das heisst Block-

127 232 603 28 aelteste, Kleiderkammer, Lazarett, Kueche, Entlausung usw. lag

128 264 604 25 ausschliesslich in den Haenden von Haeftlingen, die von der SS

128 298 603 22 fuer diese Arbeit ausgewaehlt wurden. Manche dieser Haeftlinge

128 330 613 23 missbrauchten diese Vorzugsstellungen, vor allem die sogenannten

129 360 594 24 Capos, die fuer Arbeitskommandos zustaendig waren. Dies waren

128 392 628 24 meistens deutsche nichtjuedische  aeftlinge, die im Lager aus ei-

129 422 611 25 nem der folgenden Gruende waren: Arbeitsverweigerung, Prostitu-

130 453 645 26 tion oder rueckfaellige Verbrecher. Unter diesen Haeftlingen hatten

129 488 605 23 Wir meistens mehr zu laiden als unter der SS, die sich wenig um

129 519 604 24 die internen Angelegenheiten des Lages kuemmerte, waehrend wir

130 552 624 25 den Haeftlingsfunktionaeren fuer die taeglichen Dinge des Lebens

132 581 636 25 auf Tod und Verderben ausgeliefert waren. Sie haben den Tod vieler

132 611 636 24 Juden und auch mancher Nichtjuden auf dem  ewissen, denn sie woll-

147 645 604 24 ten sich durch Grausamkeiten uns gegenueber, bei der SS beliebt

132 679 77 22 machen.

199 709 545 22 Die Sterblichkeitsziffer im Lager stieg jeden Winter er-

134 741 620 23 schreckend an. Erstens forderte die alljaehrliche Typhusepidemie

133 772 636 23 unzaehlige Opfer, dann Dysentrie und schliesslich einfach Erschoe-

135 805 602 22 pfung. Viele versuchten Selbstmord zu begehen, in dem sie sich

135 833 600 27 bei Nacht an den immer mit Hochspannung geladenen Stacheldraht

135 870 593 23 warfen, wo sie dann die ganze  acht hingen, bis sie am morgen
