1200 1691
688 26 370 52 Wien am 12.November 1939.

324 202 478 43 Sehr geehrter Herr Amtsdirektor!

496 349 589 37 Wir befinden uns seit 10 Tagen im Obdach

164 385 923 25 losen-Asyl und wollen mit vorliegendem Bericht alle unsere Be-

164 403 945 35 obachtungen und die sich daraus ergebenden Vorschläge und Bitten,

167 425 934 35 Ihnen, sehr geehrter Herr Amtsdirektor, zur Kenntnis bringen, weil

164 452 938 32 wir davon überzeugt sind, bei Ihnen das richtige Verständnis für

166 476 626 39 unsere derzeitige ungewisse Lage zu finden.

499 522 623 40 Die erste Bedingung, um Menschen zufrieden

164 550 938 31 zu stellen, ist das Essen. Die vom Obdachlosenheim an uns verab-

164 576 938 31 reichte Kost ist den heutigen Verhältnissen angemessen, als sehr

164 598 971 34 gut zu bezeichnen. In den ersten Tagen hatten die Leute ausser dem

164 624 983 32 hier erhaltenen Essen Zubussen in Form des Reiseproviantes, der für

166 645 953 34 die Fahrt nach Polen von jedem einzelnen mitgenommen wurde. Diese

166 673 952 32 Vorräte sind seit einigen Tagen in ihrer Gänze zur Neige gegangen

164 697 954 32 und sind ein Grossteil der hier Bequartierten in der unangenehmen

166 721 924 32 Situation, nur von der Anstaltskost zu leben. Einige Glückliche

164 746 955 33 erhalten Lebensmittel in Postpacketen von ihren Angehörigen, aber

167 773 968 34 dies sind besondere Ausnahmsfälle. Es gibt unter uns noch genügend

163 793 966 34 Leute, die das nötige Geld besitzen, um auf Grund ihrer Lebensmit-

163 817 953 35 telkarten Waren (Eier, Butter, Zucker, etc. etc.) zu kaufen. Unsere

162 841 966 35 gesamten Lebensmittelkarten wurden jedoch durch Organe der Kultus-

164 869 938 32 gemeinde abgesammelt und in deren Verwahrung genommen. Durch den

163 890 895 33 Hauptsturmführer SS Günther erhielt unser Transportleiter den

164 917 952 32 strengsten Auftrag, die Lebensmittelkarten am Bahnhof vor der Ab-

164 938 954 38 fahrt einzusammeln, die Verwaltung des Obdachlosenheimes erklärte,

163 965 974 34 zur Verköstigung der Insassen keine Lebensmittelkarten zu brauchen;

162 986 950 35 wieso trotzdem es dazu kam, die Karten abzusammeln, ist uns nicht

163 1008 965 37 verständlich. Es wurde uns dadurch seit Tagen durch eine uns uner-

163 1035 956 44 klärliche Weise der Bezug von zusätzlichen Lebensmitteln entzogen.

164 1059 959 35 Nicht unerwähnt wollen wir lassen, dass wir durch die von der Kul-

166 1085 943 33 tusgemeinde beigestellten Ordner ebenfalls um grössere Mengen Le-

163 1109 946 35 bensmittel geschmälert werden. Es wird täglich für die hier poli-

162 1131 937 38 zeilich gemeldeten Polenfahrer (derzeit 815 Personen, darunter 47

162 1155 951 38 Kinder) gekocht. Nach Verteilung des Essens wird der verbleibende

162 1185 937 31 Rest an jene verteilt, die noch Hunger haben, deren nicht wenige

163 1207 938 38 sind. Durch die Anwesenheit von ca. 20 Ordnern der Kultusgemeinde,

162 1233 1001 38 die es verstehen, sich nicht die kleinsten Portionen geben zu lassen,

160 1256 994 34 muss so mancher der hier Internierten mit hungrigem Magen vom Tische

163 1282 936 34 gehen. Die ersten Tage erhielten wir täglich 30 bis 60 Portionen

163 1304 949 37 Brot zur Verteilung als Ueberschuss. Zu unserem Leidwesen blieben

164 1330 934 32 eines Tages diese Zubussen aus und konnten wir feststellen, dass

164 1357 938 35 das überschüssige Brot von den Ordnern bei Seite geschafft wurde.

164 1376 935 35 Da den bezahlten Ordnern der Kultusgemeinde im Gegensatze zu uns

163 1406 980 31 die Möglichkeit geboten ist auf Grund ihrer Lebensmittelkarten sich

163 1428 935 34 zu verköstigen, ist es gelinde ausgedrückt nicht in Ordnung, den

163 1448 960 45 hier befindlichen Glaubensgenossen auf eine solche Art die Kost zu

164 1476 149 48 schmälern.
