1200 1711
432 1 65 44 -2-

318 71 809 50 Bezüglich der Schlafgelegenheiten berichten wir folgen-

144 102 973 44 des: Wir sind kasernenmässig untergebracht, trotzdem keine Gelegen-

144 129 991 42 heit zum Aufhängen von Kleidern vorhanden, im Gegenteil, die Betten

145 156 970 40 derart eng aneinandergereiht, dass man oft nur bei jedem dreissig-

145 182 932 36 sten Bett einen Durchgang findet, hört man keine Klagen, da die

144 203 994 43 Betten in gutem Zustande und ausserdem pro Person zwei warme Decken

142 229 281 40 beigestellt wurden.

315 279 763 38 Leider haben wir bei einigen wenigen Personen Läuse

146 306 959 37 festgestellt. Waschgelegenheiten sind genügend vorhanden und wird

142 329 990 41 strenge darauf geachtet, dass selbe auch benützt werden. Donnerstag

141 353 949 41 und Freitag stand das Bad zur Verfügung und wurde selbes von uns

142 379 792 40 allen benützt. Die Beheizung aller Räume ist tadellos.

319 430 801 36 Das gesamte Personal des Asyls bringt uns bezw. unserer

141 450 1007 43 Lage das grösste Verständnis entgegen und werden alle unsere Wünsche

141 480 987 37 soweit möglich, erfüllt. Wenn des öfteren unausbleibliche Verstösse

141 503 971 40 von seiten der Heiminsassen vorkommen, hört man nie durch das Per-

142 530 945 36 sonal irgend ein scharfes Wort, im Gegenteil, jeder einzelne be-

141 553 951 41 müht sich, uns unsere Lage so angenehm als nur möglich zu machen.

144 577 970 43 Der umgekehrte Fall jedoch ist leider bei unseren Glaubensgenossen,

144 600 947 43 den bezahlten Organen der Kultusgemeinde des öfteren zu bemerken.

144 625 968 38 Selbstverständlich trägt dies nicht zur Aufrechterhaltung der Ord-

139 650 973 41 nung bei, sondern löst nur Unwillen bei den bereits nervenzermürb-

144 675 909 40 ten und durch ihr Schicksal niedergedrückten Menschen aus. Wir

139 701 1009 40 wollen zur Illustration nur eines von vielen Beispielen ausführlich

139 724 972 45 berichten: Vor dem Hauseingang stehen Mütter, Väter und Kinder von

139 747 972 48 im Hause anwesenden Leidensgenossen und versuchen ihre Angehörigen

138 775 972 40 zu sehen bezw. etwas Lebensmittel zu übergeben. Ein Sicherheitsor-

136 799 948 42 gan erklärt den Leuten in leutseliger Form, es sei ihm dienstlich

136 824 991 41 verboten, Packete entgegen zu nehmen, oder Besuche zu gestatten und

138 848 950 45 erklärt zum Schlusse „schauts Leutln, i mecht enk alle einilassn,

136 872 969 40 aber, wenn man mir draufkommt, kost es mich meinen Posten“. Die an-

138 898 997 40 gesammelten Menschen verlassen daraufhin die Strasse und nach 10 Mi-

138 921 957 40 nuten sind abermals ca. 30 bis 40 Menschen vor dem Tor. Ein Ordner

135 942 1000 46 der Kultusgemeinde öffnet das Tor und brüllt die Anwesenden auf fol-

136 972 945 43 gende Art an: „Wenn Ihr nicht sofort verschwindet, lass ich Euch

138 996 392 40 alle nach Dachau schicken“.

323 1046 759 37 Für die 800 Personen, die sich derzeit unfreiwillig

136 1067 944 42 hier im Hause befinden, war es ein Beruhigungsmittel, dass die

134 1095 961 38 Ordnung im Hause durch Leute vom Polentransport aufrecht erhalten

135 1119 962 41 wurde, wobei noch zu bemerken ist, dass sich nicht die geringsten

136 1144 985 40 Anstände ergaben. Durch den ständigen Kontakt, den wir gezwungener-

135 1169 969 44 massen mit allen im Hause befindlichen Polenfahrer unterhalten, ha-

135 1193 943 41 ben wir festgestellt, dass durch die Beistellung von hausfremden

135 1217 999 43 Ordnern die Leute das Gefühl haben, Sträflinge zu sein. Es ist daher

134 1241 981 42 nicht zu vermeiden, dass die Leute murren und des Glaubens sind, Ge-

136 1268 979 45 fangene der Kultusgemeinde zu sein. Wir wenden alle Mühe auf, um die

135 1291 983 43 Leute zu beruhigen, müssen aber leider feststellen, dass die Nervo-

134 1318 956 39 sität von Tag zu Tag sich steigert. Sehr viel trägt dazu auch der

136 1341 978 42 Umstand bei, dass es bis jetzt von Seiten der Kultusgemeinde unter-

134 1364 970 43 lassen wurde, irgend eine prominente Persönlichkeit hieher zu ent-

134 1391 996 41 senden, um den Leuten irgend welche Aufklärungen bezüglich des Polen

135 1414 999 46 transportes resp. über den Zweck und Sinn unseres Hierseins zu geben.

139 1440 976 41 Die Nachrichten, welche von den ersten zwei Polentransporten hieher

132 1464 985 43 gelangt sind, enthalten zum Teil erschreckende Mitteilungen und hat

134 1491 996 43 sich bei den vielen Frauen, die sich zum Transport freiwillig melde-

132 1512 1002 49 ten, um nur rasch wieder mit den Angehörigen beisammen sein zu können
