793 1122
2 59 66 38 B.307

485 97 286 27 New York City, 29.Dez.1938

37 143 146 33 Meine Lieben,

101 170 660 29 Unsere Luftpostbriefe von hier werdet Ihr inzwischen erhalten

38 188 741 29 haben, woraus Ihr entnehmen konntet, dass wir nun hier gut angekommen

39 209 686 25 sind. In diesem Brief erwӓhnte ich, dass ich Euch eigentlich auf dem

40 227 749 26 Schiff schreiben wollte, was jedoch infolge einer ziemlich stürmischen

39 244 718 27 Überfahrt nicht geschehen ist. Ich will nun mein Vorhaben nachholen

39 261 738 26 und Euch schildern, was seit der Krise mit der Tschechei bei uns vor-

39 280 723 27 gegangen ist. Dies kann ich natürlich nur in ganz grossen Zügen tun,

38 297 525 27 da ich sonst einen ganzen Roman schreiben müsste.

100 323 643 23 Wie Ihr wisst, sind wir am 10.Oktober nach X. Übergesiedelt.

36 339 697 25 Der Grund hierfür war, dass ich in Z. unter keinen Umstӓnden mehr

38 354 737 28 bleiben wollte. Als die Mobilmachung angeordnet wurde, ging in Z. die

36 374 739 27 Rederei, sofern es zum Krieg kommt, bekommen die Juden den Hals abge-

36 393 728 24 schnitten, da sie am Kriegsausbruch die Schuldigen seien. Dies wurde

37 410 727 24 verschiedenen Bekannten von anstӓndigen Leuten zugetragen und hatten

36 426 728 25 verschiedene Bekannte in diesem Tagen auch Z. verlassen. Wir machten

35 445 708 23 dies jedoch nicht, doch war man Tag und Nacht am Radio, was kommen

35 460 730 26 wird. Zunӓchst betrachtete ich diese Sache als Rederei, und hat sich

37 479 748 25 ja alles zum Guten reregelt, da es nicht zum Krieg kam. Daraufhin habe

36 498 735 23 ich mich kurzerhand entschlossen, nur noch mӧbliert zu wohnen,

34 515 708 24 damit man bei derartigen Situationen beweglicher ist. Wir stellten

35 532 707 25 also unsere Mӧbel beim Spediteur unter und mieteten zwei mӧblierte

34 547 698 28 Zimmer. In X. war ich immer hinterher bei dem Ӓmtern, dass unsere

34 569 728 22 Auswanderungsvorbereitungen vorwӓrts gehen. Dies ist aber alles viel

34 586 728 24 schwieriger und langweiliger wie früher, da man auf viel mehr Ӓmtern

33 603 720 24 Sachen erledigen muss. Wir hatten auf den 28. Dez. Schiff belegt und

32 619 739 27 wollten mit A. zusammen fahren. Dies haben wir jedoch infolge der Er-

32 640 196 24 eignisse geӓndert.

96 662 647 25 Bevor ich nun von den Ereignissen am 10. Nov. (genau 4 Wochen

31 682 732 23 nach unserer Übersiedlung nach X) erzӓhle, mӧchte ich erwӓhnen, dass

31 700 708 22 auf dem Schiff eine einfache aber ganz besonders erhebende Chanuka

31 717 740 27 Feier stattfand. Ein Herr, der schon fünf Jahre in Jerusalem lebt und

31 735 708 25 Redakteur gewesen sein soll, hielt eine Ansprache und dessen Motto

31 753 753 23 mӧchte ich vor meiner Schilderung als Überschrift nehmen und zwar auch

30 771 759 24 deshalb, weil Du lb.... und auch Du lb... geschrieben haben, wir sollen

33 790 755 22 vergessen was war. Sicherlich muss man vorwӓrts schauen, aber ich mӧch-

31 807 723 25 te Euch doch, nachdem Ihr das Folgende gelesen habt, anheim stellen,

30 825 750 24 ob es nicht richtig ist, das Gewesene nicht zu vergessen, sondern dies

30 844 461 23 auch die Kinder spӓerhin wissen zu lassen.

90 870 403 27 Das Motto der Rede des Herrn lautete:

93 893 669 29 "Kinder Israels vergesset nicht, was Amalek Euch angetan hat."

28 921 721 25 Bisher haben wir dies nur aus der Schule gewusst, aber jetzt wissen

28 940 708 23 wir, was es heisst, einen Pogrom durchzumachen, bei dem die Tempel

29 957 725 24 zerstӧrt wurden. Am 10. Nov. Fuhr ich morgens mit dem Auto zum Spedi-

29 975 739 24 teur in die Stadt, um wegen der Lifts verschiedenes zu erledigen. Ich

28 993 748 25 fuhr an einem jüdischen Juweliergeschӓft vorbei und waren an demselben

28 1011 760 25 die Lӓden geschlossen und Glasscherben lagen auf der Strasse. Ich dach-

28 1033 760 27 te mir, es sei ein Einbruch gewesen, denn man hatte zu Hause moch nichts
