800 980
349 68 58 21 - 4 -

94 89 674 38 auf jeden Ruf der SS zu springen, den Wunsch anhoeren und ausfuehren.

98 111 630 31 Wir hatten aber dadurch nicht so schlechte Kleidung, wohnten auf

96 129 623 27 einem besseren Block und hatten Brotzulage. Im Oktober kam ganz

95 144 625 27 Theresienstadt. Ich war Augenzeuge, wie die vielen Bekannten an

94 160 592 29 mir vorbei ins Gas wanderten, aber ich konnte nichts helfen,

94 179 607 23 gebundene Haende. Es war eine Tuecke des Schicksals, dass ich

95 194 645 26 Lotte, die an einem Sonnabenmorgen kam, nicht gesehen habe. Erst

94 211 654 24 spaeter erzaehlte mir ihre Freudin, dass sie ebenfalls nach links

94 228 640 25 gegangen ist! Ob ich sie haette retten koennen, weiss ich nicht,

94 242 650 28 denn wir haben beim Lagerarzt ebenfalls fuer meinen Vater gebeten,

93 261 662 25 aber er sagte, damals, dass er fuer "leichte Arbeit" sorgen wird.-

95 276 642 24 Im November haben wir uns zu einem Transport gemeldet. Wir waren

93 294 612 22 dann 4 Monate bei Breslau und haben bei Telefunken gearbeitet.

93 310 663 22 Hier wurder Ruth krank. Es hatte sie Gelbsucht. Diaet war natuerlich

93 326 662 25 nicht vorhanden. Sie ass wochenlang nicht und magerte fuerchterlich

93 343 645 22 ab. Als sie besser war, folgte Rippenfellentzuendung, zum 1. Mal.

93 357 586 26 Sie war 3 Tage aus der Krankenstube, als wir vor den Russen

93 375 596 24 fluechten mussten und 4 Tage zu Fuss durch das Riesengebirge

93 393 616 21 wanderten. Dies war Anfang Februar. Proviant war ein Brot. Man

94 408 652 21 liess uns 3 Tage ruhen, dann wurden wir in Kohlenwaggons verfrach-

93 425 631 21 tet. 65 Personen in einen Wagen. 7 Tage hat man uns so gefahren.

94 441 645 22 Es hat geregnet, geschneit und gehagelt. Wir hatten ebenfalls nur

93 458 581 20 ein Brot fuer die ganze Worche. Als wir in Porta (Westfalen)

93 475 664 19 ankamen, hatte Ruth zum 2. Mail Rippenfellentzuendung. Ich arbeitete

92 490 616 21 dort in einer unterirdischen Radiolampenfabrik.- Nach 4 Wochen

93 506 634 22 gingen wir wieder in den Waggon. Diesmal hatte Ruth hohes Fieber

93 523 615 21 und konnte nicht einen Schritt machen. Nach paartaegiger Reise

93 537 630 24 brachte man uns in ein Lager zwischen Hannover und Braunschweig.

92 555 634 21 Hier gab ich Ruth ins Krankenrevier in der Meinung, dass man sie

93 570 633 23 verpflegen wuerde. Am naechsten Tag erschien sie bereits bei mir

92 587 623 22 zurueck. Sie war von dort fortgelaufen. Zu dritt hatten sie ein

93 603 613 22 Brodt und da sie als letzte hinzukam, musste sie Suppe und Brot

92 619 614 26 fuer eine kleine Ecke im Bett bezahlen. Auch waren die anderen

93 635 653 23 verlaust und hatten Ausschlag. Erst am Abend spaet bekamen sie ein

93 650 644 24 wenig uebrig gebliebenes Essen.- Nach 5 Tagen gingen wir abermals

93 666 630 24 auf Transport. Jetzt trieb man so viel hinein wie nur eben ging.

93 684 643 22 Wir waren 105. Manche Waggons hatten auch 140 Personen. Wir waren

93 700 630 21 mit deutschen Asozialen, Zigeunern, usw. Ruth lag mit 40 Fieber.

94 717 615 22 In der Nacht Mord und Totschlag. Laeuse mehr als Essen. Dieser

93 733 586 22 unhaltbare Zustand dauerte mehr als 14 Tage. Die Amerikaner

95 748 641 23 bombardierten unsere Lokomotive. Aber eine neue stand zur Verfue-

94 765 634 26 gung. Hundertmal standen wir 5 Minuten vor der Befreiung aber in

96 779 621 28 letzer Minute war noch immer ein Zug da, der uns forttrug. Wir

95 796 604 25 sind kreuz und quer durch ganz Deutschland gefahren und haben

95 813 573 24 Gelegenheit gehabt, uns alles anzuschauen. Wie die Staedte

94 828 648 31 zugrerichtet sind, kann man sich nicht vorstellent. Kein Haus steht.
