803 996
314 27 37 26 - 4 -

112 55 605 31 Der Name meiner Schwester ist Soundso, und sie ist zwei Dorfer

113 77 618 24 weiter. Wissen Sie, heute habe ich dabei wirklich geschwitzt,

115 92 601 28 ich sass wie auf Kohlen, und wenn ich das tu, dann heisst

116 106 619 30 es schon was. Und dann fragte er Mutzi: "Was haben Sie denn aus

115 124 663 25 der Tasche genommen als der Beamte gerade die ihrer Tochter untersuch

115 138 647 30 Ich habe es nämlich gesehen, ein Glück, dass es der Beamte nicht

115 156 630 29 gesehen hat, denn wissen Sie, wenn einmal Verdacht da ist, dann ist

119 175 210 23 es halt schon schwer."

115 185 649 29 Mutzi erzahlte ihm, dass es nur ein Francstück war, das sie zufallig

115 205 625 24 in ihrer Tasche hatte, und dass sie es im Auto hat liegen lassen.

113 219 419 30 Aber jedenfalls war ja das gut überstanden.

115 243 604 30 Der Deutsche erzahlte uns noch, dass er die ganze letzte Nacht

117 258 608 28 durchgefahren ist, um für uns in Bratislava das ungarische Visum

115 278 609 36 zu bekommen. Und dann bat er uns noch, nichts weiterzuerzahlen,

117 295 645 35 "Wissen Sie, wir wollen ja noch anderen helfen." Er war aus Bayern

115 312 641 33 und wirklich sehr nett. Der andere versprach uns, die Passe gleich

116 331 630 32 an Fritz weiterzugeben, so dass er noch am Abend nach Prag fahren

117 347 637 33 kann, und morgen Abend wollte er wieder zurück sein. Und dann ver-

117 371 216 24 abschiedeten sie sich.

115 393 665 31 Nun sassen wir allein da, in dem kleinen slowakischen Dorf, wir assen

116 413 642 29 noch etwas und sagten dem Wirt, dass wir am nächsten Tag das Essen

117 429 602 31 aufs Zimmer bekommen wollten, und dann gingen wir hinauf. Das

117 445 657 30 Zimmer sah nett und sauber aus, und vor allem hofften wir ja nur fur

118 458 647 35 eine N cht da zu sein. Es war ziemlich spät geworden und wir gingen

119 478 606 31 gleich schlafen. Wir hatten ja auch genug erlebt an diesem Tag.

120 494 629 28 Obwohl wir müde waren konnten wir keiner schlafen, wir liessen es

118 510 626 31 uns wohl nicht anmerken und einer wollte den andern nicht storen,

118 525 636 33 aber als wir so im Dunkeln da lagen, fiel mir erst meine Lage ein.

118 541 622 30 Wir sassen jetzt hinter der slowakischen Grenze, ohne Passe, mit

121 560 622 28 wenig Geld, ganz auf die Anständigkeit fremder Manner angewiesen.

121 575 645 29 Wäs geschieht, wenn Fritz das Visum nicht bekommt, wenn sie uns die

120 590 638 30 nicht bringen, wenn wir jemand hier auffallen, und so weiter

118 603 663 31 und so weiter... Mutzi dachte wohl ganz die gleichen Sachen. Trotzdem

120 623 658 30 standen wir beide morgens ganz cheerful auf und sagten keiner der an

122 639 638 28 dern etwas von unseren Ängsten sondern erzahlten uns nur, wie gut

122 655 646 29 dass wir nun hinter der Grenze waren und dass uns Fritz hoffentlich

122 672 629 29 noch am Abend über die ungarische Grenze bringen würde, wie er es

122 688 601 29 versprochen hatte. In Gedanken rechnete ich mir immerfort die

123 703 627 29 Entfernung von Hodonin nach Prag nach und hatte einen Schock wenn

120 717 660 26 mir zum Bewusstsein kam was für grosse Entfernung es war. Vielleicht

122 731 659 32 wurde Fritz nicht gleich vorgelassen am Konsulat - aber es hatte doch

122 757 283 22 keinen Sinn soviel zu denken.

123 764 655 35 Nach dem Frühstück machten wir noch etwas Ordnung und dann waren wir

122 788 331 27 mit allen Beschäftigungen zu ende.
