785 978
131 37 221 26 Auschwitz by R. Lasker

464 32 41 25 -7-

89 108 640 27 Wehe der Ungluecklichen, die versuchte eine Ruebe oder eine Tomate

89 143 623 28 mit ins Lager zu schmuggeln. Siexx wurde so verpruegelt, bis sie

89 175 624 25 bewusstlos auf der Strasse liegengelassen wurde; wenn sie Glueck

90 209 629 23 hatte und sich nachher unauffaellig aus dem Staube machen konnte,

90 240 665 24 war die Affaire damit erledigt; wenn sie liegenblieb, wurde sie nach-

91 271 469 27 her ins Krematorium geschafft und wurde vergast.

210 302 514 26 Das Lager war Tag und  acht in einen fettig-schwarzen

97 334 641 29 auch gehuellt, der aus den drei Schornsteinen der Krematorien kam.

92 367 652 22 Der Gestank, an den ich mich nach einigen Monaten gewoehnte, war zu

99 399 644 21 eginn unertraeglich sodass ich mich staendig uebergeben musste. Es

92 428 675 24 war der suesslich ekelhafte  eruch von verbranntem Fleisch und Haaren.

92 460 634 24 Die Hauptverantwetlichen fuer die Selektionen zur Vergasung waren

92 493 668 22 Dr. Mengele, ein junger Mann, dessen Steckenpferd es war, Experimente

93 528 667 21 an Zwillingen vorzunehmen, da er eine These zu diesem Sujet vorberei-

94 559 651 21 tete; Dr. Klein, der bei dem Lueneburger Prozess zu Tode verurteilt

94 590 633 22 wurde, der Lagerkommandant Cramar, ebenfalls hingerichtet und die

97 622 663 21 SS Frauen Mandel und Drechsel. Letztere wurden meines Wissens niemals

96 650 522 25 gefunden und sind wahrscheinlich noch auf freiem Fuss.

276 685 478 24 Die Belegschaft meiner Baracke bestand aus Itali-

97 717 664 21 enerinnen, Franzoesinnen, Griechinnen und Polen. Die widerstandsfaehi-

97 749 650 21 gsten Haeftlinge waren Polen und Russen, waehrend die Griechen und

97 779 665 22 Italiener wie die Fliegen starben. Wenn sie nicht durch Dysentrie und

97 810 666 25 Typhus eines "natürlichen" Todes starben, so wurden sie unweigerlich

97 845 657 20 bei den Selektionen ausgewaehlt. Sie konnten das eisige Winterwetter

97 876 657 21 nicht vertragen und litten alle an schrecklichen Erfrierungserschei-

97 913 657 30 nungen. Auch die deutschen Juden waren Ende 1943 fast nicht existent,
