2417 3410
309 289 2053 100 10. Franziska H i r s c h b e r g e r , II.,Obere Donaustrasse 63

477 352 1735 91 die eine blinde und seit Jahren an das Bett gefesselte 89

472 414 921 80 jährige Mutter zu pflegen hat.

614 531 1618 119 Ausserdem meldeten sich viele, die erklärt haben, in

309 628 1633 82 der der ihnen angegebenen Frist auswandern zu wollen.

617 696 1637 85 Das Generalkonsulat der cechoslovakischen Republik in

318 770 1925 88 Wien beehrt sich neuerlich dringendst zu ersuchen, dahin wirken

318 838 1942 94 zu wollen, dass die oben angeführten Gründe in Erwägung gezogen

318 915 1917 93 werden und die Prozedur bei Ausweisungen der cechoslovakischen

321 983 1996 96 Staatsangehörigen insoweit gemildert wird, als ihnen zur Regelung

321 1059 1970 111 ihrer geschäftlichen und Übersiedlungsangelegenheiten notwendige

324 1136 1544 108 Zeitspanne von längstens 3 Monaten bewilligt wird.

1438 1335 586 71 Der Generalkonsul:

1322 1400 782 94 Unterschrift unleserlich.
