793 1122
260 42 61 22 - 5 -

387 68 231 31 Wien, 15.Juni 1939

15 116 262 27 Mein liebes gutes Tanti,

124 145 647 19 Heute war ein Herr hier und hat mir gesagt, Du hӓttest an die

17 160 754 27 Kultusgemeinde geschrieben, Du hast seit Jӓnner keine Post von uns. Auch

19 178 739 23 hat er mir einen Zettel für Tante Martha gegeben, den ich Dir beilege.

21 195 750 21 Ich verstehe das nicht, wieso Du keine Post hast. Ich habe Dir doch ge-

19 213 761 21 schrieben und ein Bild von mir habe ich Dir auch geschickt. Der Herr war

20 230 735 24 sehr bӧse, er sagte, ich bin ein dummes Ding, dass ich Dir nicht schreibe,

20 249 752 21 und die Kultusgemeinde hӓtte Wichtigeres zu tun als mit solchen Angele-

19 266 732 22 genheiten belӓstigt zu werden. Weshalb hast Du nicht mir geschrieben?

18 281 772 23 Glaubst Du mir denn nicht, was ich Dir von Tante Martha geschrieben habe?

18 299 762 22 Ich werde versuchen, von dort eine Bestӓtigung zu bekommen und werde sie

21 314 745 26 Dir dann schicken. Abre ich bitte Dich, schreibe nicht mehr an die Kul-

19 334 742 23 tusgemeinde. Bitte schreibe mir gleich Antwort, damit ich weiss, ob Du

18 351 732 22 den Brief erhalten hast und schreibe mir bitte auch, ob Du im letzten

18 367 731 23 Brief mein Bild bekommen hast. Da habe ich den Rock, Pullover und die

17 388 722 21 Kappe an, was Du mir geschickt hast. Hast Du Dich im Emigranten Büro

18 405 751 21 schon wegen Tante Martha erkundigt? Bekommen Emigranten eine Arbeitsbe-

17 419 760 25 willigung? Tante Martha ist Spezialarbeiterin in Buchbinderei. Ich werde

15 438 758 25 nach New York fahren und Tante Martha würde Hansi vorlӓufig hier lassen,

17 458 749 21 damit sie dort arbeiten gehen kann. Bitte vielmals um Antwort. Hundert-

17 474 240 23 tausend Busserl sendet

412 489 105 24 Dir Leni.

14 506 186 25 Bitte um Antwort.

17 542 731 23 (Die Anfrage der Verwandten in Holland bei der Wiener Kultusgemeinde

36 560 690 22 geschah zu dem Zweck, um festzustellen, ob die Kultusgemeinde von

38 578 711 21 dem Schicksal der Familie unterrichtet sei. Augenscheinlich war man

38 596 751 21 dort durchaus nicht davon informiert, wie aus dem Verhalten des Recher-

37 612 490 23 cheurs und dem abgegebenen Zettel hervorgeht.)

45 634 144 27 "An Martha X.

161 661 588 25 Ihre Tante, Frau Z. In A. Bittet, dass Sie ihr schreiben

56 681 706 23 sollen, da sie schon seit Jӓnner d. J. ohne Nachricht von Ihnen ist.

161 701 477 24 Sie hat sich an uns, Kultusgemeinde gewendet.

578 721 128 28 15.6.1939. "

410 765 307 27 Aus dem Gefӓngnis, Juni 1939

10 792 249 24 Meine liebe gute Tante.

78 809 662 22 Ich danke Dir sehr, dass Du Dich so um mich bemühst. Ich hoffe,

13 828 747 21 dass ich bald von hier herauskomme. Leni und Hansi fahren nach Amerika.

13 844 731 23 Ich kann momentan noch nicht mit, weil ich am Amerikanischen Konsulat

13 862 741 23 nicht gemeldet bin. Leni hat mich aber schon angemeldet. Ich muss aber

13 879 733 23 mindestens 1 Jahr warten, bis ich fahren kann. Bitte wende Dich nicht

13 897 741 27 an die Kultusgemeinde, wir wollen von solchen Leuten nichts haben. Die

13 915 760 22 unterstützen nur Protektionskinder. Leni hat 3mal um Unterstützung ange-

14 935 739 20 sucht, sie wollte mir das Geld geben, damit ich mir zubessern kann und

14 951 731 22 sie haben ihr nicht geantwortet. Ich hoffe, auch ohne ihre Hilfe nach

13 968 751 23 Hause zu kommen. Ich hoffe, bald Antwort von Dir zu bekommen. Ich danke

14 984 737 27 Dir für Deine Güte, vielleicht kann ich mich noch einmal für alles re-

12 1003 386 23 vanchieren. Tausend Grüsse und Küsse

532 1020 82 28 Martha.
