803 996
342 45 38 30 -3-

125 74 622 35 Bevor wir fragen konten, ging er. Nach ein paar Minuten kam eine

129 92 615 32 sehr blonde vollschlanke Dame, setzte sich an den Tisch und fing

128 107 647 30 an, sich zu unterhalten. Wahrenddessen schob ich ihr das Geld unter

127 121 637 34 die Zeitung, die auf dem Tisch lag, sie nahm es und verschwand für

127 138 629 29 einen Moment, um es zu verstecken, dann erzahlte sie uns, dass ihr

127 155 629 30 Mann Kapellmeister gewesen und jetzt bei der Gestapo sei, und er-

127 170 610 33 zählte noch andere Sachen, sie schien ziemlich informiert. Dann

128 196 167 21 kam Fritz wieder.

128 198 655 33 "Alles ist geregelt. Ein Freund von mir ist Kinobesitzer, er hat ein

127 219 610 34 Kino hier, eines in Holíč, das ist das nächste Dorf hinter der

130 234 627 32 slowakischen Grenze. Dadurch kann er beliebig oft über die Grenze

132 252 623 30 fahren. Wir fahren jetzt in einem Täxi auf den Marktplatz, warten

129 268 600 29 dort auf ihn, und er bringt sie hinuber. Mein Freund bringt mir

129 280 658 34 Ihre Pässe zuruck, ich fahre damit nach Prag um das Visum und bringe

129 303 175 28 sie Ihnen wieder."

127 312 632 32 Dann sassen wir in dem Taxi und warteten. Ein Mann kam vorbei und

129 329 639 34 begrüsste Fritz; das war der litauische Journalist, er setzte sich

128 347 640 32 mit in den Wagen und die beiden Männer unterhielten sich, schienen

132 364 636 30 aber allmählich nervos zu werden. Alle Augenblicke fuhren deutsche

130 380 646 30 Soldaten auf Motorradern vorbei. Auch viele andere Wagen kamen vor-

129 396 659 31 über. Endlich kam ein kleiner grauer Tatra (Czech. Automarke) und bli

132 412 619 31 ein paar Meter entfernt stehen. Ein Mann stieg aus und Fritz und

132 429 635 29 der Litauer gingen auf ihn zu. Dann schienen die drei Männer ziem-

181 444 595 29 lich lange zu verhandeln. XXXXX kam zurück, stieg ein und sagte dem

132 462 619 28 Chauffeur er solle um den Platz herumfahren, ohne/den kleinen Tatra

132 476 632 29 aus den Augen zu verlieren. Dann liess er sich mein Armband geben,

132 492 610 32 und sagte ich bekäme es zuruck. Endlich kam Fritz und befahl dem

132 509 611 28 Chauffeur, hinter dem andern Wagen herzufahren. Dann gab er uns

132 526 646 26 zwei Ausreisescheine (die rosa Karten fur den sogenannten "kleinen

132 541 637 28 Grenzverkehr", die den Inhaber berechtigen zwischen Grenzorten fur

134 556 567 31 den Tag zu Arbeitszwecken etz. hinueber- und herueberzugehen).

134 575 624 25 "Es ist alles geregelt. Wir fahren jetzt in ein Hotel, wo wir die

132 591 647 27 Wagen wechseln müssen, möglichst unauffallig." Vor dem Hoteleingang

134 606 648 27 stand der andere Wagen mit dem Kühler gegen uns. Die Herren- es waren

134 623 635 26 zwei, gingen ins Hotel, der Litauer ebenfalls, dann kam ein Portier

134 638 645 27 und trug unser Gepäck aus dem xxxxxx Taxi ins Hotel. Nach einer Wei-

134 654 620 28 le trug der Portier unsere Koffer aus dem Haus und in den andern

135 670 643 29 Wagen. Spater stiegen Mutter und ich aus und schauten und Geschafte

137 688 635 27 an. Als wir lange genug gewartet hatten, stiegen wir in zu unserem

136 704 634 26 Gepack in den Tatrawagen ein. Es wurde dunkel. Fritz Smetana verab-

137 722 385 24 schiedete sich mit vielen Versicherungen.

135 734 629 27 Dann kam der Litauer und fing an etwas am Boden zu suchen, drehte

134 751 622 25 mit dem Fuss jedes Papier um, das auf der Strasse lag, sagte: es

136 767 632 28 ist alles in Ordnung und ging ins Hotel zurück. Dann warteten wir.

137 784 598 26 Endlich kamen drei Männer aus dem Hotel, der Kinobesitzer, der

137 798 642 31 Litauer, der aber gleich wegging, und der dritte musste der Gestapo

136 818 633 26 mann sein. Er sah garnicht so arg aus, ein ziemlich junger Bursche.

136 833 640 26 Der Deutsche liess sich unsere Papier geben, d.h. die Grenzscheine,

137 848 643 26 die Pässe hatte er schon, und meinte, wir sollten keine Angst haben

137 869 367 25 und nur reden, wenn wir gefragt wurden.
