803 996
294 36 39 22 -4-

97 67 281 26 "Also endlich fuhren wir los.

107 83 619 30 Nach zehn Minuten war eine Schranke über die Landstrasse gelegt,

108 105 621 22 wir waren an der Grenze angelangt. Die Schranke wurde aufgezogen,

107 120 649 24 wir fuhren durch und gleich hinter uns wurde sie wieder herunterge-

107 136 639 25 lassen. Jetzt gab es kein Zürück mehr. Vor uns stand ein grosser

107 153 632 26 eleganter Wagen und die Insassen kamen eben aus dem Grenzhauschen

109 170 640 25 und trugen einzeln ihre sämtlichen Kleider in den Wagen zuruck. Das

107 186 494 23 deutete wohl auf eine sehr genaue Untersuchung hin.

108 199 648 28 "Die Pässe bitte" sagte plötzlich eine reichsdeutsche Stimme und ein

108 219 665 27 deutscher Soldat stand vor uns. Obwohl wir an der czecho-slowakischen

110 238 614 24 Grenze waren, war weit und breit kein tschechischer Beamte zu sehen.

110 253 537 23 Unsere Gestapis reichten die Pässe aus dem Wagen hinaus.

109 268 609 21 "Heute habe ich noch zwei Damen bei mir," sagte er so nebenbei.

110 282 650 20 "Wieviel Geld haben sie?" "Dreissig Kronen," antworteten wir beide.

109 297 629 25 "Schau die Handtasche nach," befahl da ein kleiner unsympatischer

108 314 601 24 Mann unserem Soldaten. Ich reichte zuerst meine hinaus, xxx er

109 332 640 23 durchsuchte sie nach allen Seiten, endlich kam er zu einem kleinen

109 346 591 28 Portemonnaie, in dem ich die beiden Kofferschlussel hatte, und

109 361 666 29 gescheiter Weise sagte ich ihm das auch gleich. Er fragte nur, ob ich

110 380 658 23 die Koffer im Auto hätte, und gab mir die Tasche wieder zurück, dann

108 395 631 27 untersuchte er noch Mutzis Tasche, schaute sich unsere Durchlass-

109 411 663 26 scheine an und wir fuhren über die Brucke zum slowakischen Grenzhaus.

146 429 592 25 Mit dem Grenzbeamten dort machten unsere beiden Begleiter nur

108 442 641 30 dumme Witze, zeigten unsere Pässe, dann beleuchtete uns der Slovak

109 463 615 25 mit einer scharfen Taschenlampe und wir fuhren auf slowakischem

112 482 127 21 Bodem weiter.

110 493 609 26 "Also die Grenze hatten wir hinter uns", meinte unser Gestapist.

109 508 633 29 Mutzi atmete auf und auch ich fühlte mich um vieles leichter. Ich

111 529 510 22 überlegte, ob wir jetzt für immer die Nazis los waren.

112 542 645 26 Wir fuhren noch ungefähr eine viertel Stunde auf einer sehr schönen

109 558 606 26 Strasse nach Holic, das nächste Dorf. Dort blieben wir vor dem

110 575 483 25 gen Gasthaus dieses Nestes stehen und stiegen aus.

110 590 663 27 "Also Sie bleiben hier und warten auf die Passe, die ich Ihnen hoffen

112 614 637 25 lich schon morgen zurückbringen kann," meinte der Kinobesitzer. Der

112 629 625 21 Gestapist nahm mein Armband aus der Tasche und etwas Geld, das er

112 639 645 28 uns gab, dann mieteten sie für uns ein Zimmer und gingen mit uns in

112 657 656 24 die Gaststube. Ich kam mir wie im Traum vor. Ist das wirklich alles

110 676 106 27 geschehen?

110 696 641 27 Während wir auf unser Nachtmahl warteten, unterhielten wir uns mit

111 718 657 24 unseren Reisegefahrten. "Ich wollte Ihnen noch einiges sagen," meinte

112 736 629 24 der Gestapist. "Vor allem sind Sie da ganz nahe an der Grenze und

112 752 656 22 da fahren dauernd Grenzwächter herum, also zeigen Sie sich moglichst

111 767 660 23 wenig in der Oeffentlichkeit, sonst könnten Sie vielleicht auffallen.

112 783 629 24 Am besten Sie bleiben auf Ihrem Zimmer. Als Ausweis haben Sie die

112 798 663 25 Durchlassscheine bei sich, und wenn Sie jemand zufallig fragen wurde-

112 816 663 20 ich bin ja sicher es wird nicht dazu kommen, dann sagen Sie, sie fah-

112 830 649 29 ren zur Hochzeit meiner Schwester, aber müssen hier warten weil mit

114 851 302 35 dem Auto etwas ausser Täkt ist. "
