793 1122
289 43 62 22 - 6 -

475 91 181 33 Wien, Juni 1939

20 136 199 26 Meine liebe Tante,

85 163 664 24 Habe heute Deinen lieben Brief erhalten. Der Herr von der Kul-

23 181 724 23 tusgemeinde hat mich gefragt, ob ich Dich kenne, so habe ich ihm zur

23 201 724 23 Antwort gegeben, ja ich kenne Dich. Ich habe nicht gewusst, dass ich

23 218 726 23 es nicht hӓtte tun sollen. Aber dass Tante eingesperrt ist, habe ich

24 234 704 23 nicht gesagt. Das geht doch die Kultusgemeinde nichts an. Ich hole

24 250 739 29 für mich und Hansi das Essen von der jüdischen Ausspeise, und die Frau,

23 269 733 23 bei der Hansi ist, hat nur zweimal 10 Mark für ihn bekommen. Ich habe

23 287 725 23 schon dreimal in Namen von der Tante in die jüdische Fürsorge einge-

22 305 735 23 reicht um eine Unterstützung und man hat mir nicht geantwortet. Immer

26 322 721 23 sagen sie, es ist kein Geld da. Galubst Du vielleicht, dass sich die

24 340 733 22 jüdische Gemeinde um ihre Leute kümmert? Man kӧnnte wie ein Hund ver-

22 357 714 24 recken und die kümmern sich nicht. Wenn ich 14 /Jahre alt werde, so

21 376 447 25 werde ich ganz von der Religion austreten.

83 400 686 22 Ich bitte Dich, wende Dich nicht mehr an die Kultusgemeinde, wir

20 417 756 24 wollen von dort nichts wissen. Ich fahre nach New-York vielleicht schon

20 434 736 24 in zwei Wochen, und wenn Tante Martha ihre Einwilligung gibt, so kann

20 452 746 23 Hansi auch mit. Ich fahre mit einer Reisegesellschaft. Und in New York

21 469 723 24 ist die Tante Grete. Sie hat uns angefordert. Ich danke Dir, dass Du

20 487 723 22 so gut bist. Aber für mich und Hansi brauchst Du Dich nicht mehr zu be-

19 504 706 24 mühen. Wenn Du Tante Martha eine Einreise Bewilligung nach Holland

20 522 746 23 schicken kӧnntest, so wӓren wir Dir sehr dankbar. Aber zuerst müsstest

20 538 701 24 Du Dich erkundigen, ob sie dort arbeiten darf. Tante Grete hat die

19 556 724 24 Sache einem Advokat in New York übergeben und wir hoffen, dass Tante

18 572 725 25 Martha bald nach Hause kommt. Also ich bitte Dich im Namen von Tante

17 591 747 24 Martha, wir wollen nichts von der Kultusgemeinde. Bitte zeige der Dame

18 609 723 24 vom Komité nicht den Brief. Sonst schreibt sie an die Kultusgemeinde

19 627 751 24 und wir kriegen das Essen dann auch nicht. Vielleicht kӧnnte das Komité

18 643 754 26 Tante Martha behilflich sein, dass sie ihr was schicken, damit sie sich

17 663 291 23 zum Essen zubessern kӧnnte.

89 688 685 23 Jetzt will ich dir Deine Fragen beantworten. Meine Schwester ist

15 705 749 25 7 Jahre alt und ist seit Dezember in London. Mein Bruder Julius war 18

18 724 735 24 Jahre alt und ist in Buchenwald gestorben. Ich bin am 2. Juni 12 Jahre

17 741 747 24 alt geworden und lebe vorlӓufig noch. Mein guter Papi war 53 Jahre alt

16 759 724 24 und ist im Oktober gestorben. Woran er gestorben ist, sagt mir Tante

16 776 755 25 Martha nicht. Er war Polizeiinspektor bis Mӓrz 1938. Mein liebes Mutti-

17 794 745 25 lein war seit 7 Jahren krӓnklich, und der Tod meines Papi hat sie ganz

17 813 754 22 zugrunde gerichtet. Sie war auch 53 Jahre alt. Mein Papi war der Cousin

17 830 722 23 von Tante Martha. Die Mutter vom Papi und der Vater von Tante Martha

17 848 732 24 waren Geschwister. Jetzt habe ich Dir alles geschrieben. Bis ich weg-

16 864 733 26 fahren werde, so werde ich dir eine schӧne Karte von Amerika schicken

16 882 732 25 und wenn ich gross bin, so werde ich Dir viele Dollar schicken. Viele

15 900 386 25 herzliche Grüsse und Millionen Küsse

432 919 218 23 Deine Leni und Hansi.

15 940 764 28 Das Essen von der Ausspeise ist sehr schlecht. Nicht einmal Schweine

15 960 694 28 würden das fressen. So sorgt die jüdische Gemeinde für ihre Leute.
