2480 3507
716 201 564 105 Protokoll

403 292 1793 131 Aufgenommen mit: B e r n e r  I s a a k , geb.: 18.6.1909

1906 379 249 94 in Riga

307 613 1971 91 Am 1.VII.1941 kamen die Deutschen nach Riga. Am 2. VII. wurde eine

307 678 2023 84 lettische SS Hilfstruppe gebildet. Auf den Aermeln trugen sie grüne

304 724 2029 85 Binden mit dem Totenkopf. Die erste Leistung dieser Hilfstruppe be-

304 780 2064 73 stand darin, Juden auf der Strasse abzufangen, zu peinigen, jüdische

304 827 1977 76 Frauen und Kinder aus den Wohnungen zu treiben, und zur Arbeit zu

301 882 2029 76 zwingen. Es wurden Aufräumungsarbeiten durchgeführt, wobei es nicht

304 932 2023 70 so sehr darauf ankam, dass eine Arbeit geleistet wird, als vielmehr

301 979 2015 73 darauf, die Juden zu tyrannisieren. Bärte wurden ihnen ausgerissen,

301 1022 2056 88 den Frauen die Kopfhaare abgeschnitten, unter Schlägen und Fusstrit-

298 1081 2029 70 ten blieben die Menschen am Boden liegen. Am 3. Juli wurde damit be-

301 1133 2000 68 gonnen, die Wohnungen der Juden zu plündern. Am 6. Juli wurden alle

298 1180 2088 85 Synagogen in Riga in Brandt gesetzt. Ich kann unter Eid aussagen, dass

295 1221 2035 88 viele Rabbiner, Kantore, Tempeldiener und in der Nachbarschaft der Sy-

295 1282 2085 85 nagogen lebende jüdische Familien in die brennenden Synagogen getrie-

295 1326 2059 91 ben wurden, dort erstickten und bei lebendigem Leibe verbrannten. Kurz

295 1376 1933 82 darnach begannen Massenverhaftungen unter jüdischer Bevölkerung.

295 1432 2030 78 3000-4000 Juden sind innerhalb kurzer Zeit verschwunden, es ist mir

292 1487 2027 70 nicht bekannt was mit diesen Menschen geschah. Alle in Freiheit ge-

289 1534 2027 85 bliebenen Juden mussten sich täglich auf der Praefektur melden und

289 1583 1997 79 wurden zur Arbeit geschickt, bei der sie natürlich aufs ärgste ge-

289 1636 1974 76 peinigt wurden. Anfang September liess der Praefekt Stieglitz ein

289 1683 2006 88 repatriierter Deutscher der nach Lettland zurückkahm alle jüdischen

292 1727 1971 84 führenden Männer zu sich zu holen und forderte sie auf ein jüdisches

283 1776 1965 97 Komitee zu bilden. Mitglieder wurden Rechtsanwalt Dr. Eljachow,

286 1829 1974 88 Dr. Minz 1, Kaugert, Winzker, Dr. Blumfeld. Deren Aufgabe war: für

283 1887 2033 85 die Umsiedlung der Juden Rigas in das Arbeiterviertel Letgaler Vor-

286 1931 2024 94 stadt zu sorgen, einem Viertel in dem ursprünglich 3000-4000 Arbei-

289 1987 2021 76 ter gesiedelt hatten. Auf dieser engen Fläche, in den kleinen nied-

283 2034 1995 81 rigen Räumen mussten 30.000-40.000 Menschen Unterkunft finden. Un-

289 2086 1959 85 sere Wohnungen mussten wird den Arbeitervierteln ausgesie-

289 2136 1945 88 delten unentgeltlich übergeben, durften nur das notdürftigste an

283 2177 1998 90 Handgepäck mitnehmen; eine besondere Bewilligung war schon notwen-

280 2226 2024 91 dig, wenn man z.B. einen Schrank mitnehmen wollte. War es ein bes-

280 2285 2021 85 seres Möbelstück, wo wurde die Erlaubnis nicht erteilt. Die Umsied-

283 2329 2024 96 lung musste bis zum 15.X. durchgeführt werden, das Ghetto wurde um-

274 2378 2036 91 zaunt, von lettischer SS umstellt, die Juden waren abgesondert und

283 2434 1088 82 es beginnt die Tragödie des Ghettos.

277 2478 2059 90 Schon in den ersten Tagen wurden viele Juden, die sich dem Zaune nur

277 2527 2083 91 näherten "auf der Flucht erschossen" In angeblich schlecht verdunkel-

274 2583 2056 91 te Fenster wurde gefeuert, viele Menschen sind so ums Leben gebracht

271 2633 2036 96 worden. Arbeitskommandos gingen täglich hinaus. Wer es nur halbwegs

274 2679 2004 88 konnte, der versuchte sich zu drücken, weil die Heimkehr ins Ghetto

274 2735 2059 93 lebensgefährlich war. Am Tore wurde man kontrolliert, Durchsuchungen

271 2779 2062 99 wurden vorgenommen, und meistfurchtbar verprügelt, wobei Kinder und

277 2828 1998 97 Frauen nicht geschont wurden. Die Versorgung von Lebensmitteln und

269 2884 2117 96 Gebrauchsgegenständen wurde durch 14 Geschäfte vorgenommen, wobei aber

274 2934 2083 99 die Zuteilung von Woche zu Woche knapper wurde. Den Sicherheitsdienst

269 2983 2061 103 besorgte jüdische Polizei. Am 18. November wurde verlautbart, dass am

269 3033 2035 96 20. November das Ghetto evakuiert werde, alle würden in Arbeitslager

266 3089 2056 90 überführt. Auf die Frage Dr. Eljachows, was mit Alten und Kranken ge-

266 3135 2059 94 schehen werde, antwortete der S.A. Mann Schulze aufrichtig, wer nicht

263 3182 1974 94 marschieren könne, der werde erschossen. Es war erlaubt bis zu 20 kg

266 3238 1994 87 Gepäck mitzunehmen. Wir glaubten daran, dass wir tatsächlich in Ar-

266 3284 2029 94 beitslager gebracht werden. Am 20. November kamen lettische Arbeiter

263 3340 2059 108 und sonderten innerhalb des Ghettos ein kleines Viertel ab. Zunächst
