785 978
67 36 98 29 AUSCHWITZ

70 60 232 26 by Renate Lasker-Allais

493 44 71 26 Flat 2,

493 64 178 24 49 Ladbroke Grove,

493 83 112 18 London W.11

493 98 133 20 TEL:PARK 4753

69 140 643 27 Mein Name ist Renate Allais geb. Lasker. Ich bin Juedin, gebuertige

70 170 687 29 Deutsche und komme aus Breslau, wo mein Vater als Rechtsanwalt am Ober-

70 205 662 27 landesgericht taetig war. Ich wurde bald nach Beginn des Krieges von

70 235 670 29 der Gestapo verhaftet und nach einem Aufenthalt von eineinhalb Jahren

70 269 668 26 in Gefaengnis und Zuchthaus in das Konzentrationslager Auschwitz ein-

68 301 277 24 geliefert. Dem Teil des KZs,

66 320 179 45 hiess "Birkenau".

165 364 590 27 Ich kam als politischer Haeftling mit einem kleinen Transport

69 396 659 26 spaet in der Nacht an. Das Lager, das sich ueber viele Kilometer er-

68 428 642 24 streckte, war trotz Krieg taghell erleuchtet. Eine SS Frau und ein

69 458 660 26 SS Mann mit zwei grossen Schaeferhunden trieben uns mit Schlaegen in

69 489 667 26 eine Baracke, wo wir bis zum naechsten Morgen eingeschlossen wurden.

163 522 600 27 Am naechsten morgen wurden wir kahlgeschoren und ich bekam die

68 554 694 26 Nummer 70159 auf den linken Unterarm taetowiert. Alles Gepaeck und Wert-

68 581 694 33 sachen wurden konfisziert und, obwohl es Mitte Dezember und eiskalt war,

67 616 706 31 gab man uns ein duennes Kleid, eine Garnitur zerissener Sommerunterwaesch

68 645 650 32 und ein paar Holzpantinen. Keine Struempfe, keinen Mantel und keine

68 679 667 30 Kopfbedeckung. Meine Fuesse waren nach wenigen Schritten in den Holz-

67 712 249 26 pantinen blutig gerieben.

172 739 598 33 Ich wurde wie alle Neuankoemmlinge in eine Quarantaenenbaracke

67 775 691 31 einquartiert, wo ich vier Wochen verblieb. Die Baracken waren ungeheizt,

67 806 692 29 statt Betten hatten wir sogenannte Kojen, i.e. eine Art Kiste, die zwei-

67 837 654 32 stoeckig ueberainander lagen, und in der je acht Personen schliefen.

66 864 370 35 Fuer acht Personen gab es zwei Decken.
