2480 3507
2281 123 91 84 2.

301 251 2003 93 war uns nicht klar, warum das geschieht, sodann wurden aber am 23.

301 324 1997 79 November alle kräftigen Männer in das abgesonderte Viertel hinein-

304 382 1947 68 getrieben. Am 30. November begann "die grosse Aktion". Um 6 h Abend

301 420 2091 76 wurden Kinder, Frauen, Greise mit oder ohne Gepäck aus den Wohnungen

298 467 2085 79 hinausgejagt. Schläge, Tritte, Erschiessungen, Morde waren die Mittel,

295 517 1991 76 mit denen die verängstigten Menschen angetrieben wurden. Die ganze

295 569 2038 82 Nacht hindurch, bis 6 h früh blieben die Leute auf der Strasse, bei

301 622 1988 79 Frost, hungrig und vielfach schlecht und nur notdürftig bekleidet.

298 678 1974 76 Zu Fuss, unter strengster Bewachung der SS in Gruppen von je 1000

298 724 1942 73 Menschen wurden die auf die Moskauer Strasse getrieben. Niemand

295 771 1942 79 durfte zusehen, selbst Arier durften nicht ans Fenster, es wurde

304 824 1962 79 sogleich geschossen. Diese Aussiedlung dauerte bis zum 9. Dezember

298 867 1974 88 1941. Während dieser Zeit hörten wir im abgesonderten Ghetto, dass

295 917 1991 91 russische Kriegsgefangene ausserhalb der Stadt, bei Quadrat in Sa-

307 976 1959 67 laspils und im Bickernjakenwald grosse Gruben graben, wofür, konn-

301 1025 1997 73 ten wir zunächst nicht erfahren. Von Bauern, die in der Nähe lebten

295 1075 2030 79 und aus Aussagen einiger, denen es gelungen war zu fliehen, erfuhren

295 1119 2032 82 wir: Die Transporte der Frauen und Kinder /auch einige Männer waren

295 1171 2003 79 unter ihnen/ wurden an die Grube herangejagt und mit Maschinenge-

292 1224 2030 82 wehren niedergemäht. Das Schreien und Wehklagen der armen Ofer war

292 1274 2091 79 so erschütternd, dass viele Bauern der nahen Umgebung Nächte hindurch

292 1326 2088 73 nicht Schlaf finden konnten. In dieser Aktion wurden annährend 27.000

292 1373 2030 88 Frauen, etwa 3000 Kinder im Alter von 1 bis 13 Jahren und beiläufig

295 1429 1962 76 4000 bis 5000 meist minder arbeitsfähige Männer ermordet. Geleitet

292 1470 1948 90 wurde die ganze Aktion durch General Jeckeln, mit Sitz in Riga im

289 1522 1916 79 Ritterhaus, sein Gehilfe war Dr. Lange, als dritter der S.A. Mann

292 1578 1968 70 Schulze. Zur Charakteristik des General Jeckeln führe ich an: Als

289 1624 2094 88 einige Juden zu ihm ins Haus geschickt wurden, um bei ihm zu arbeiten,

295 1674 2021 79 gefielen ihm zwei nicht. Kurzer Hand schoss er sie nieder. Nach Be-

292 1730 1959 70 endigung der Aktion blieben im kleinen abgesonderten Ghetto annä-

286 1771 1951 84 hernd 5000 Mann und etwa 270 Frauen und Kinder zurück, denen es

295 1832 1991 79 gelungen war, sich bei der Aussiedlung zu verbergen. Ich war damals

289 1870 1995 82 Lagerältester und erhielt vom neuen Kommandanten die Erlaubnis, die

286 1923 2021 87 Frauen und Kinder in einem gesonderten Block unterzubringen, es ka-

280 1972 1995 79 men noch später Frauen aus Litauen hinzu. Insgesamt waren spä-

286 2025 1995 79 ter 500-600 Frauen im Frauenblock. Der neue Kommandant hiess Ober-

286 2072 1989 84 sturmführer Krauss, sein Gehilfe was der SS Scharführer Roschmann.

280 2118 1960 88 Das Lager wurde ans Kasernierungs- resp. Arbeitslager bezeichnet,

289 2174 1924 73 alle Insassen mussten restlos arbeiten. Es wurden drei Geschäfte

280 2224 2001 78 errichtet, wir erhielten Lebensmittelkarten, an Waren war zunächst

277 2267 1963 85 das, was in den Geschäften des grossen Ghetto zurückgeblieben war.

277 2323 1971 79 Fast alle gingen täglich auf Arbeit. Das grosse Ghetto wurde von

286 2370 1957 79 einer Treuhandgesellschaft übernommen, die dort gefundenen Gegen-

277 2425 2021 70 stände in Paketen zu 15 Mk an die Bevölkerung abgegeben, ganze Wag-

280 2475 2027 79 gonladungen von Kleidern wurde als Winterhilfe der lettischen Be-

277 2527 2086 76 völkerung nach Deutschland transportiert. Die besten Sachen haben die

274 2568 2027 76 Herren der SS für sich behalten. Drei Tage nach der Vernichtungsak-

286 2624 1922 73 tion wurden in das leer stehende von uns geräumte grosse Ghetto

277 2671 2106 81 13-14 Tausend Juden aus Deutschland (Frauen, Männer,Kinder gebracht.

277 2726 2024 73 In Waggons I und II Klasse wurden sie aus Deutschland bis Szirotowa

274 2782 1977 64 gebracht, dort noch durch Schwestern des Roten Kreuzes mit Kaffee

271 2828 2062 74 bewirtet. Sie hatten die Bewilligung erhalten, aus Deutschland Gepäck

271 2878 2124 76 mitzunehmen, kamen somit sehr gut ausgestattet an. In Szirotowa wurden

274 2928 1939 79 sie schon mit Hieben und Schlägen sortiert. Die Männer kamen zum

274 2972 2080 84 grossen Teil nach Salaspils ins Arbeits/Vernichtungs/lager, alte Leute

277 3033 2056 67 wurden zum Teil in Szirotowa erschossen, der Rest kam wie eben ange-

277 3077 2083 79 führt ins Ghetto. Ihres Gepäckes wurden sie zur Gänze beraubt und leb-

271 3129 2153 74 nächst [sic!] davon, was sie von uns bekamen. Es war strengstens verboten, dass

277 3182 2080 73 wir aus dem Arbeitslager ins Ghetto kamen, und die Bewohner des Ghet-

280 3238 2021 64 tos durften gleichfalls mit uns nicht in Berührung kommen. Wir gin-

274 3281 2048 71 gen täglich zur Arbeit. Sämtliche Juden des Kasernierungslager muss-

271 3325 2118 85 te Geld, Wertsachen, Wertpapiere, Gold abliefern. Wir haben 115.000 Mk

271 3384 2056 76 und ein Riesenvermögen an Gold, Schmuck und Brillanten abgegeben. Der
