800 1000
96 60 99 33 Abschrift

519 64 237 30 Halmstad 21.5.45 - 23.5.

97 112 222 25 Liebste Familie Karo !

98 142 587 26 Ihr koennt Euch vielleicht unsere Freude vorstellen als wir

99 163 625 22 gestern Euer liebes Telegram erhielten. Wir haben bereits ein

100 178 594 23 Telegram und einen Luftpostbrief an Grete geschrieben, doch

98 195 604 21 noch keine Nachricht erhalten. Es war adressiert: Victoria

97 212 615 25 Memorial.- Ihr fragt, wie es mit Ruth Krakenkheit steht. Nun

98 230 589 20 ich will nicht vorgreifen, sondern der Reige nach berichten.

98 245 652 25 Ich schreive nur sehr kurz und nur die Hauptsachen. Einzelheiten

98 262 546 23 naechstes Mal.- Wie Ihr wisst, sind wir im Juli 43 nach

98 278 645 21 Theresienstadt abgeschoben worden. Vordem waren wir 2 Wochen im

97 294 636 21 hannoversche Polizeigefaengnis. Wir waren die letzten Juden aus

98 310 564 22 der Stadt. 9 Personen. Wir fuhren dann im Viehwagen nach

97 325 663 25 Theresienstadt. Gepaeck hatten wir verhaeltnismaessig "anstaending"

97 341 626 28 mit. Bettwaesche, Matratzen, Kleidung, etwas Geschirr. Hier

97 358 593 24 angekommen wurden wir von tschechischen Gendarmen empfangen.

97 373 645 24 Gepaeck wurde von Juden untersucht und gepluendert. Uns brachte

97 389 654 24 man in der Zeit in ein altes verfallenes Haus. Den Sommer brachten

100 406 645 24 wir dann in diesem Haus, auf einem drueckend heissen Dachboden zu.

99 420 651 29 Im Winter haben Ruth und ich im Jugendheim gewohnt. Vati und Mutti

99 437 603 25 im selben Haus, aber unten. Die ersten Monate hatten wir noch

98 454 626 25 zusaetzlich Essen von zu Haus. Dann verkaufte Mutti Bettwaesche

97 469 635 26 fuer Brot. Wir haben in der Landwirtschaft gearbeitet und gingen

99 485 669 28 juden Tag aus dem Ghetto. Das, was wir an Gemuese ins Ghetto schmug-

100 503 611 27 gelten, tauschten wir ebenfalls fuer Brot. Von den Paketen aus

99 516 623 30 Lisboa haben wir nur drei erhalten. Dann sind wir im Mai 44 mit

98 533 602 27 einem Transport von 7500 Menschen nach Auschwitz gekommen. 65

99 552 571 23 Personen mit viel Gepaeck im einen Viehwaggon. Alter Leute.

98 566 615 27 170 Tote vom Transport. Gepaeck liegen lassen. Man brachte uns

98 582 652 29 in ein Theresienstaedter Familienlager. Das heisst: Die Transporte

100 599 651 26 von Theresienstadt waren bevorzugt. 1. Maenner und Frauen in einem

98 614 614 31 Lager. 2. Die angekommenen Transporte wurden an der Bahn nicht

99 630 633 29 sortiert. (Darueber schreibe ich gleich). 3. Den Transporten hat

100 645 659 30 man die Haare nicht rasiert, nur bis zum Ohr geschnitten. Am naech-

100 663 623 27 sten Tag hat man uns taetowiert. Nummer am lienken Arm.- Diese 2

100 678 634 28 Monate waren die schlimmsten unseres Lebens. Vor Hünger sind wir

100 695 614 28 schier vergangen. Um halb 10 ein halber liter Wassersuppe, die

100 708 623 32 wirklich nur derjenige essen kann, der bereits vor Hunger nicht

100 725 653 30 mehr auf den Beinen steht. Bald danach gab man uns die Tagesration

100 744 625 31 Brot. 1 kg. Brot duer 4 - 5 Menschen. Aber wie oft war das Brot

101 757 634 33 verschimmelt. Dazu ein winziges Stueck Margarine, Wurst oder ein

101 777 574 28 Loeffel Marmelade. Das war die ganze Ernaehrung. Eine Frau

102 791 595 31 schleppt sich noch durch damit aber ein Mann kann von dieser

102 807 613 32 Ernaehrung nicht bestehen. Also einer sparte sich das bisschen

103 820 668 33 Essen fuer den zweiten. Jeder litt mehr unter dem Hunger des anderen

102 840 603 35 als unterdem eigenen. Das Bild auf der Lagerstrasse: Maenner
