785 978
121 35 224 24 Auschwitz by R. Lasker

389 35 48 26 -10-

76 105 651 27 des Zaehlappels auf die Latrine zu gehen. Die Folgen dieses Verbots

75 143 621 23 waren unvermeidlich; und es war diese degradierende Erniedrigung,

76 170 658 23 die fuer viele von uns eine groessere Qual bedeutete, als den staen-

75 203 661 23 dig rauchenden Schornstein des Krematoriums vor uns zu sehen. Es war

75 237 680 20 die Erkenntnis, dass wir alle in erschreckend kurzer Zeit jedes Zeichen

76 268 678 21 der Zivilisation verloren. Wir wuschen uns nicht mehr, denn es gab kein

90 299 623 25 asser und es war so eisig kalt, w/ir waren verlaust, wir stanken,

75 332 653 21 wir eiterten am ganzen Koerper, wir schlugen uns wie wilde Tiere um

76 361 694 26 ein Stueckchen Brot und wir tranken das Wasser aus schmutzigen Pfuetzen.

183 396 572 22 Im Sommer 1944 kamen die ersten ungarischen Judentransporte

77 428 642 21 in Auschwitz an. Sie kamen in solchen Mengen, dass die Krematorien

77 462 670 19 die Arbeit nicht mehr bewaeltigen konnten. Wir mussten riesige Gruben

77 488 660 23 in der Naehe der Gaskammern schaufeln, und die Vergasten wurden dort

76 522 663 25 mit  enzin uebergossen und im Freien verbrannt. Keline Kinder wurden

78 553 668 23 lebendig in die Flammen geworfen. Wir konnten das Schreien bis in das

79 581 684 27 Innere des Lagers hoeren. Zu jener Zeit wurde auf Befehl aus Berlin das

77 614 695 29 gesamte Zigeunerlager, das sich neben unserm Lager befand, exterminiert.

79 644 660 29 Kein einziger ueberlebte, alle wurden vergast, obwohl sich in diesem

79 678 611 23 Lager eine Menge kerngesunder junger Maenner und Frauen befand.

189 712 555 22 Bald nach der Ankunft der letzten ungarischen Transporte,

79 742 649 24 begann man mit der Evakuierung des Lagers denn die russische Front

79 773 675 28 naeherte sich in bendeklicher Weise. Die Gaskammern wurden in die Luft

79 808 658 21 gesprengt, damit die Russen sie nicht finden wuerden.-Am 10. Oktober

79 838 686 26 1944 verliess ich mit meiner Schwester das Lager Auschwitz und kam nach

79 868 689 27 abenteuerlicher Fahrt in einem Viehwagen eine Woche spaeter im KZ Belsen

83 894 617 32 an, wo wir am 15. April 1945 von den Englaendern befreit wurden.
