2361 3317
356 251 1562 111 Das Generalkonsulat der Cechoslovakischen Republik

55 348 1957 91 in Wien beehrt sich die Aufmerksamkeit des verehrt. Amtes darauf

55 422 1979 86 zu lenken, dass die von der Polizeidirektion geübte Ausweisungs-

55 500 1927 86 praxis nicht nur im allgemeinen alle Merkmale der Verletzungen

58 563 1868 94 der Grundsätze des modernen Völkerrechtes trägt, sondern und

58 644 1927 88 hauptsächlich auch den Bestimmungen des Art. I des zwischen der

60 718 1988 86 Cechoslovakei und Deutschem Reiche abgeschlossenen Vertrages vom

60 793 1955 97 20. Jänner 1922, Nr. 130/24, über den gesetzlichen und gerichtli-

63 867 1863 83 chen Schutz der Personen und Eigentums der cechoslovakischen

63 934 1916 102 Staatsangehörigen auf Grund der Reziprozität, sowie des Art. X.

63 1011 1869 91 des wirtschaftlichen cechoslovakisch-deutschen Abkommens vom

63 1091 1922 81 29.4.1920 über grundsätzliche Behandlung der cechoslovakischen

66 1163 1952 97 Staatsangehörigen nach dem Grundsatze der Meistbegünstigung, in

69 1257 586 80 Widersprunch steht.

403 1299 1615 85 Die Behandlung der cechoslovakischen Staatsangehöri-

71 1373 1977 103 gen widerspricht auch dem Sinne der Art.I und 2. des cechoslova-

69 1456 1979 97 kisch-österreichischen Handelsvertrages vom 4.5.1921, deren pro-

71 1531 1952 94 visorische Geltung durch Art. II. des Reichsgesetzes vom 13. März

74 1589 1922 99 1938, RGBl. 1, pag. 247, über den Anschluss Österreichs, ferner durch

74 1672 1952 105 die Kundmachung des Reichsstatthalters Nr. 27/38, LGBl. bestätigt

74 1766 213 77 wurde.

422 1799 1632 116 In einem einzigen Tage meldeten sich beim Generalkon-

77 1910 1977 71 sulate der Cechoslovakischen Republik in Wien folgende cechoslo-

80 1965 1921 105 vakische Staatsangehörigen, die kurzfristig ausgewiesen wurden

82 2042 1944 100 und denen man keine Zeit zu lassen geneigt ist, um ihre Angele-

82 2125 647 83 genheiten zu ordnen:

88 2180 1424 117 1. Helene A b d e l a , II. Taborstrasse 20 a.

88 2255 1941 111 2. Charlotte L i p n e r , II., Zirkusgasse 27, die um eine 70

229 2327 1305 83 Jahre alte und kranke Mutter zu sorgen hat,

88 2379 1758 114 3. Ida u. Branka M i r a l y , II., Grosse Pfarrgasse 8.

91 2460 1968 96 4. Ernestine H u m b u r g e r , II., Alliiertenstrasse 16, die

223 2520 1831 81 von der Kranken-Angestellten-Kassa für eine Lungenheilstätte

218 2581 622 72 vorgeschlagen wurde,

93 2623 1524 113 5. Hermine H u s s e r l e , III. Barichgasse 2.

93 2706 1551 94 6. Olga H i r s c h l , II., Ferdinandstrasse 28.

99 2780 1866 91 7. Hugo und Regine R o s e n b a u m , II. Praterstrasse 58.

102 2858 1965 94 8. David R e i c h e n b a c h , Eigentümer eines Tuchgeschäf-

237 2924 788 88 tes, II. Josefinengasse 6.

99 2979 1645 114 9. Karoline N o v a k o v a , XIX., Budinskygasse 18
