1873 3250
975 2 103 54 - 7 -

170 208 1532 73 generally speaking, actual Governmental regulation of

170 308 1445 68 the Jewish population is really not of outstanding

162 400 1561 76 severity. Up to the present time no cases of particu-

165 490 1501 73 lar hardship suffered by Jews who are American citi-

165 587 1380 73 zens have come to the attention of the Legation.

300 682 1451 68 Administrative practice in applying laws and regu-

159 771 1513 74 lations, however, offers large possibilities of dis-

157 872 1431 75 crimination against the Jew. This is true in all

157 964 1425 78 branches of activity, but I will give here only a

154 1058 1597 74 single example which clearly illustrates this point. A

151 1153 1575 76 new law requires the registration of all exporters and

151 1248 1548 76 the formation of exporters' associations by March 1st

146 1348 1526 73 next. The Jews are not named or in any way referred

146 1443 1548 84 to in this law, but if they should seek permission to

143 1538 1578 78 export it will be a simple matter to find that they do

143 1633 1605 75 not have the proper documents or in some other way fail

140 1727 1605 74 to meet the requirements. Many Jews accordingly expect

140 1822 1551 76 that their applications for inscription in the regis-

138 1917 1623 76 ters and membership in the associations will be refused.

276 2015 1415 78 And so the Jews are apprehensive and anxious. A

132 2109 1578 73 few manifestations of this fear are their mounting de-

130 2201 1607 76 mands for immigration visas, their purchase of valuable

132 2299 1467 81 and easily transportable jewels, and their frantic

132 2391 1575 76 endeavor to transfer funds abroad, which has, indicen-

132 2486 1540 84 tally, sent the free market to unprecedented heights.

124 2575 1505 84 Much of this arises from apprehensions as to German

132 2673 1578 86 designs in this area. (One interesting view of German

132 2767 1510 93 aims in this regard was suggested to me by Mr. D. I.

132 2862 1570 81 Suchianu, Director of Film and Censorship in the Press

132 2957 1461 79 and Propaganda Department, who said that the Nazis

1493 3128 152 65 were
