1750 3095
0 144 1546 121 Sixty-eight Thousand People Crowded into a Town Meant for Seven Thousand.

105 245 1479 79 At one time the ghetto had to accommodate up to 68,000 inhabitants. The

7 291 1616 85 number had decreased by deportation and death. About 150,000 people were said

10 337 1040 88 to have passed through that show camp of the Nazis.

5 404 1559 86 Jewish Self-Administration. The town was administered entirely by Jews. At

603 464 1038 69 the head of the administration was Dr. Paul Epstein

12 497 1603 70 from Berlin, a former member of the Board of the Reichsvereinigung der Juden in

15 539 1538 80 Deutschland and a lecturer on economics in Mannheim. He was assisted by the

10 590 1569 57 Czech civil engineers, Murmelstein and Zucker, the latter subsequently put to

10 624 1634 72 death in Auschwitz. Dr. Epstein was deported later to the East and never heard

15 660 191 69 of again.

105 740 1492 69 The administrators were assisted by the so-called "Aeltestenrat" (Council

15 789 1585 75 of Elders) the most prominent member of which was Dr. Leo Baeck, the venerated

18 827 1244 80 Rabbi from Berlin, a personality of almost prophetic stature.

98 884 1546 98 Life in the ghetto was organised by the different departments of the admin-

18 946 1520 70 istration, the economic department – food distribution and production – the

12 990 1252 77 housing department (Raumwirtschaft) and the health department.

103 1057 1525 80 The economic department was responsible for the distribution of food which

12 1119 1521 57 they got from SS Headquarters in Prague. The Jews in Theresienstadt were

18 1160 1517 62 maintained by Jewish funds i.e. by assets confiscated from Czech Jews. The

15 1204 1564 64 economic department had also to organise work, which was obligatory for every-

10 1238 1138 79 one except the very old and very sick, and the children.

103 1317 1538 73 People were employed in the timber yard, the joinery and the plumbers shop,

10 1364 1487 62 working for the maintenance of the camp. There were also work-shops with

12 1408 1619 62 people engaged in the production of ink powder, the manufacture of leather goods,

12 1444 1596 59 artistic handicraft (necklaces etc.), mica and of uniforms and mackintoshes for

20 1485 1590 80 the German Wehrmacht. Before my arrival wooden cases were also manufactured.

103 1560 1520 62 Young people had to do agricultural work outside Theresienstadt, either on

15 1604 1590 62 farms or on estates confiscated by the German authorities. This kind of work

12 1645 1593 62 was very popular among the younger inmates of the camp, because there they had

7 1686 1260 75 a chance of getting some additional food to their meagre diet.

100 1764 1508 69 Repair shops for clothing and shoes, and watch-makers’ shops supplemented

12 1805 852 80 this organisation of a Jewish "autarchy".

103 1862 1419 87 The economic department was supervised by Mr. Freiberger, the central

15 1926 1613 62 department which had to detail labour was led by Dr. Oestereicher and Mr. Wein-

12 1970 635 75 berger, a Czech civil engineer.

100 2029 1422 83 The housing department responsible for the distribution of living, or

12 2099 1528 64 rather sleeping accommodation, was administered by Dr. Loewinger, Dr. Braun

20 2140 341 65 and Mr. Rindler.

7 2187 1619 103 Hospitals. Nearly one quarter of the available space of the ghetto was reserved

250 2254 1308 64 for hospitals or homes for aged people. As a matter of fact the

10 2290 1610 69 Nazis had declared the town a" Central Jewish Home for Aged People" (Jeudisches

20 2339 1526 64 Reichsaltersheim), but with the growing transports, people of different ages,

20 2375 1513 70 even babies, arrived in Theresienstadt. In the barracks converted to hos-

18 2416 1502 70 pitals there were real bedsteads. The doctors, many of them from Czecho-

12 2457 1464 65 Slovakia, had modern medical instruments at their disposal. Dentists,

18 2499 1504 69 chemists, nurses and opticians were also on the staff of the health depart-

12 2537 1526 70 ment, which was also in charge of the bath-house too, attached to one of the

20 2581 1536 70 hospitals. The work of the doctors and their staff was beyond praise. They

23 2620 1494 70 did everything in their power to alleviate the lot of their patients. The

18 2656 1559 75 Jewish self-administration, with the help of the medical staff, even provided

12 2697 1526 67 a diet kitchen and a special kitchen for children, working independently of

20 2746 986 83 the five or six central kitchens in the barracks.
