1533 2448
722 132 86 41 -2-

181 234 1143 49 of its introduction. The last two documents were pro-

183 308 1186 49 vided me by the publication office of Pester LLOYD. For

183 383 1088 49 the convenience of the Department, I append also an

83 448 1288 62 4/ index of the contents of the law by Articles, with brief

183 526 1186 51 notations of the discrepancies between the original Bill

185 597 398 45 and the final Act.

289 667 1066 47 The Department will note that the law was modified

187 736 1160 55 substantially. Primarily, the class of Jews to be con-

185 803 1129 51 sidered officially as Christians was enlarged but its

187 877 1129 49 economic restrictionswere increased, thus creating a

189 950 1141 51 sort of second-class citizenship. This represents the

187 1020 1139 57 real compromise made between the two houses of Parlia-

187 1097 1168 51 ment. Also, the idea of placing the Jews in a distinct

187 1183 1178 57 category for political purposes was discarded. Instead,

189 1262 1127 49 the Jews retain free active and passive suffrage, but

189 1344 1148 49 the conditions of their enfranchisement were made much

189 1423 1129 49 more severe. Agricultural property may be taken from

191 1503 1176 53 the Jews, their right to acquire real estate is limited,

191 1578 1143 51 and the restriction of their employment is greatly in-

193 1648 1144 55 creased. Jewish journalists complain bitterly against

193 1715 1064 51 the special press restriction by which the law was

193 1785 1182 55 amended. It appears that, in practice, Jewish youth ul-

193 1862 645 47 timately will suffer the most.

298 2064 1065 53 Following the enactment of the Jew Bill, the Prime

191 2144 1123 51 Minister said publicly that since it had been passed,

198 2219 1188 63 the legislative part of thereof thereby was closed. People

1169 2321 239 49 should not
