1806 3074
133 199 1416 59 Children between 4 and 16 received a better and more sufficient diet,

38 238 1575 66 extra milk, skimmed cream cheese and some of the food the Red Cross provided.

40 286 1532 59 Although babies were given milk, that milk was skimmed and of low nutritive

43 333 1517 53 value. Fresh vegetables, except cabbage, and any kind of fruit were com-

46 366 1567 82 pletely lacking, although the surrounding country was very rich in fruit, es-

43 409 338 70 pecially apples.

138 461 1378 87 Those who received parcels from the Joint could consider themselves

46 520 1621 71 lucky, but many of the addressees were dead or deported at the time of the arri-

43 568 1532 64 val of this help. The contents of the undeliverable parcels were given to

43 619 1012 75 relatives of the addressees, or to the hospitals.

35 686 1489 79 Communal Life. Such were the basic conditions on which the Jews had to

391 727 1153 69 build their communal life in the ghetto. There was no

46 773 1580 62 lack of intellectuals who were able and willing to give lectures. I attended

46 817 1537 61 excellent lectures by Dr. Baeck and Prof. Brahn, the well-known philosopher,

48 858 1535 61 and Nietzsche scholar, who, as I have been told, died in Auschwitz after de-

48 896 1545 64 portation. I myself lectured on British education in the so-called English

48 935 1542 66 Club, an unofficial gathering of people who tried to brush up their English.

146 983 1524 100 Musicians organised concerts, and even little opera performances conducted

48 1052 1583 70 by two Czech Jews, Klein and Schechter (Dr. Kurt Singer, the Berlin conductor

53 1096 1568 66 and leader of the "Kulturbund der Juden in Deutschland", had died just before

48 1132 1591 74 my arrival in Theresienstadt). There were also theatre performances given by

56 1175 1583 69 Czech and German actors. Plays were produced in the little cinema of Terezin

53 1229 418 69 and in the barracks.

148 1283 1522 92 The ghetto cafe served lemonade and coffee substitute, but a piece of cake

51 1339 1591 87 or a bun so much longed for was not available on the tariff of this show cafe.

151 1401 1516 102 Dancing was officially not permitted, but some people nevertheless danced,

48 1465 484 82 "Black" i.e., illegally.

153 1521 1486 110 Neither was school education allowed. We had many children who were not

51 1593 466 69 able to read or write.

51 1649 1644 95 Potemkin Village. But in a news reel which was made in order to bluff that part

461 1693 1296 79 of the world on whose opinion the Nazis set great store you will

58 1739 1650 82 find two school buildings. The news-reel was made when a Commission from Denmark

58 1777 1671 77 arrived. Days in advance we had to clean the camp and to paint the houses. The

58 1818 1648 72 word "School" was put on two buildings, which were to represent the Girls’ School

58 1864 1617 72 and the Boys’ School. During the week in which the Commission visited the model

61 1913 1117 72 camp, we received three times the ordinary rations. X

53 2008 1668 84 X Mr. Ralph Oppenheim, who was one of the first Jews returned to Denmark

56 2062 1685 84 after 1½ years’ confinement in Theresienstadt, reports as follows in "Berlinske Tidende"

66 2105 1606 80 about the visit of the Danish Commission: Some weeks before the Commission

61 2144 1575 76 arrived we were ordered to paint the houses, and we got some Austrian peasant

64 2185 1613 74 furniture. Single beds were placed in the huts that were being shown. The day

58 2226 1625 79 before the Commission arrived we were summoned before the Commandant, who gave

64 2267 1606 74 us to understand that should we dare to tell the Commission about the real con-

64 2308 1575 82 ditions all the Danes would be sent eastwards, and at the same time the food

66 2341 1586 87 parcels from home would be taken away from us. And we knew that this would be

66 2390 1576 84 equivalent to death. All the sick, the war invalids and old people were put

71 2428 1532 79 into houses which would not be shown to the Commission. For the children a

66 2461 1606 90 kindergarten was arranged in a great hurry. The children were instructed that

61 2505 1611 79 when the Commandant entered with the Commission, they must run to meet him and

71 2548 1547 93 shout "Good-day Uncle Rahm, are you coming to play with us?" and as the party

71 2589 1568 85 left they were to say "When are you coming to see us again, Uncle Rahm?" The

71 2633 1553 84 Commission was tricked. Everyone ought to have been able to scent that the

71 2671 1573 85 painting was fresh, that the furniture in our huts had been lately put in and

74 2715 1611 79 had not been used. And our eyes ought to have told them the rest – but instead

66 2756 1243 100 they thought that we were in good spirits and full of hope.
