2488 3296
1102 76 170 69 - 3 -

588 302 1308 79 2. The registration of all Jews is required.

593 398 1416 74 3. A fixed tax, or capital levy, of 20 to 25% on

445 442 1457 85 the total valuation of Jewish property is provided.

588 541 1248 68 4. Jews are forbidden to engage in certain

442 582 1413 79 professions and industries. For example they are

442 634 1498 77 not allowed to bid on State contracts. Jews can not

439 678 1537 77 operate cinemas or theaters or own pharmacies or drug

442 727 1493 83 stores or carry on any trade in drugs, medicines and

442 780 1424 79 sanitary equipment. The number of Jewish doctors,

439 826 1413 74 dentists, and lawyers allowed to practice must be

439 873 1435 74 only in proportion to the Jewish percentage of the

439 925 1523 77 total population of any town, e.g. if 5% of the popu-

431 966 1581 85 lation in Jewish, then 5% of the lawyers may be Jewish.

569 1065 1396 77 5. Jews are not allowed to use Bulgarian termi-

426 1115 1539 85 nations, "ov", "ev", "sky" and others on their Jewish

426 1164 187 61 names.

566 1257 1339 77 6. Jews are forbidden to marry Bulgarians. A

417 1310 1455 74 percentage of Jews is fixed for admission into all

423 1356 242 64 schools.

560 1444 1314 77 7. Exemption from some of these restrictions

415 1494 1487 77 are granted to Jews who were decorated for valor in

420 1546 1507 77 the World War, war invalids, widows and orphans, and

420 1590 1534 77 to Jews who had been converted to Christianity before

417 1648 446 57 a certain date.

555 1730 1520 82 The purpose of this law was the restriction, robbery

409 1785 1457 71 and humiliation of the Jewish population. A large

415 1834 1479 69 percentage of the Jewish population of Bulgaria was

417 1878 1554 83 thrown out of employment and impoverished by this Law.

406 1972 800 85 The Law of August 29, 1942.

549 2065 1496 77 As already stated the purpose of the law of January

409 2112 1581 77 23, 1941, was the restriction, robbery and humiliation

409 2169 1518 75 of the Jews in Bulgaria. The purpose of this second

406 2211 1603 74 law is the complete destruction of the Jewish community

409 2260 1534 80 in Bulgaria. An outline of the principal contents of

412 2312 500 61 this law follows:

401 2408 404 74 Organization.

547 2491 1377 82 The Law creates a Commissariat or Department of

409 2543 1474 82 Jewish Affairs under the Ministry of Interior. The

404 2592 1457 75 head of this Department is called the Commissioner

404 2636 1572 77 for Jewish Affairs. The first Commissioner appointed,

404 2691 1503 74 and who now holds this post, is Alexander Belev, the

404 2735 1545 72 author of the Law. The Commissioner is assisted by a

404 2785 1591 77 Council composed of the following representatives: one

401 2834 1539 74 member of the Supreme Administrative Court, appointed

404 2881 1567 74 by the Minister of Justice, one member of the Ministry

404 2927 1517 72 of Commerce, one of the Ministry of Interior, one of

406 2974 1567 74 the Ministry of Labor, one of the Ministry of Finance,

1742 3136 119 66 one
