2488 3296
978 38 168 63 - 5 -

305 247 1498 90 family names or Jewish names with Bulgarian suffixes

316 310 1245 85 such as "ov", "ev", "ich", "sky", et cetera.

448 390 1446 87 3. All Jews must wear the yellow badge - the Star

305 439 1509 88 of David - prominently displayed on an outer garment,

307 486 1606 88 such as the lapel of the coat or overcoat. These badges

305 535 1553 85 are made of cheap composition material and are sold to

313 576 1627 96 Jews at 20 leva each. The profits from the sale of these

305 620 1704 94 badges are supposed to go to the "Fund Jewish Communities."

310 675 1570 88 This regulation went into effect on September 29, 1942.

313 719 1597 91 The fact that the Bulgarian population took no notice of

307 771 1576 91 the badge indicated popular disapproval of the measure.

307 818 1584 91 By this date a great many people in Bulgaria had become

307 867 1559 88 sympathetic toward the Jews. Children under ten years

307 914 1559 88 of age and Jewish travellers holding tourist visas are

305 980 907 82 not required to wear the badge.

450 1060 1400 82 4. Jews wearing badges may be refused admission

307 1101 1559 93 to any establishment as hotels, restaurants, cafes, et

307 1148 1625 96 cetera, by the owner of the establishment, by the police

307 1203 1515 87 or by a member of the Council for Jewish Affairs. A

307 1246 1567 94 Jew may not live in an apartment or share an apartment

307 1301 1243 86 with a Bulgarian unless they are relatives.

456 1389 1457 94 5. Jews can not stay in a hotel for more than ten

305 1450 1077 74 days within any period of six months.

453 1532 1432 85 6. From September 15, 1942, all Jews must have a

316 1584 1451 88 special sign reading "Jewish residence" or "Jewish

313 1626 1567 93 business" prominently displayed over the door of their

313 1697 816 74 living or business premises.

453 1771 1377 96 7. Jews are not allowed to own cars, radios or

313 1818 1512 90 have a telephone in their homes. Jews are forbidden

318 1870 1512 88 to employ Bulgarian servants. It is apparent that a

318 1917 1540 90 number of these regulations have as their purpose the

318 1985 704 69 humiliation of the Jews.

313 2068 1267 96 Place of Residence and Deportation of Jews.

467 2156 1405 88 1. Jewish families of two persons may have only

324 2200 1600 93 one room; families of three or four persons are allowed

329 2252 1567 90 two rooms; families of five or six persons are allowed

332 2298 1567 94 three rooms; and families of more than six persons are

332 2345 1570 96 allowed four rooms. Kitchens, halls and bathrooms are

332 2392 1619 99 not considered as rooms. This regulation is due in part

335 2444 1542 91 to the overcrowing of Sofia but mainly to the desire

335 2493 1561 91 of the Germans and Bulgarians to get possession of the

338 2551 1102 80 Jewish apartments of the better grade.

478 2631 1402 90 2. Article 27 of the present law authorizes the

343 2680 1534 94 Commissioner and Council to designate the streets and

343 2732 1452 88 areas in any town where Jews may live, that is, to

346 2776 1594 97 establish Jewish quarters or ghettos. A Jewish quarter

346 2826 1528 88 was in fact established in Sofia in September of this

354 2873 1441 104 year and all Jews living outside the district were

354 2922 1438 104 ordered to move into it immediately. The physical

1407 3062 401 71 impossibility
