938 1176
478 28 42 41 - 3 -

214 117 642 37 Another part of these Jews are on the well-known French

122 149 745 28 steamer in the Danube at Rajka. It is said that the English and

123 169 753 27 American Consul in Prague have undertaken a guarantee for emigra-

121 188 341 31 tion on behalf of these Jews.

213 224 677 31 One part of these exiled are still in the Burgenland. Their

121 245 768 26 businesses have been confiscated ant they will have to go at short

122 266 767 32 notice. The longest term, which has been fixed for exile, is the

120 286 144 34 25th of May.

213 312 690 40 The greatest part of the Jews of Burgenland is, however, in

120 341 770 26 Vienna - having saved their bare existence. From Lakenback alone

123 362 774 29 there were 540 souls packed in vans and, on the last day of Pesach,

123 383 705 28 brought to Vienna. These people, numbering more than 1,000,

121 401 771 26 are brought under shelter in the poorest families of some of their

122 423 699 24 friends in Vienna. In many a house, there a living three

122 443 745 22 families in two rooms, gipsy-like; they are sustained by these

120 459 698 34 poor families and, in the last resort, by the Aid Committee.

213 494 700 31 For the sustenance of these, more than a thousand people, an

121 520 791 27 amound of 250 shillings is being spent daily, but this Aid Committee

120 540 721 25 has received for the maintenance of thousands of people during

122 557 782 28 six weeks - let it be said - the sum of only 800 Austrian shillings

120 578 388 33 by means of general official aid.

213 605 667 37 On the last day of Pesach, the Gestapo carriedout a great

119 634 760 27 razzia in the Leopoldstadt. All the Burgenland Jews were trans-

121 654 759 27 ported on police vans to Rossauerlaende, where they had to endure

120 675 640 30 a few days in anxiety and terror - horribly threatened.

212 705 679 32 Only through the courageous intervention at the Gestapo of

123 730 756 29 a most fearless member of the Committee, (whose name will be told

118 752 748 27 to the Secretary of the Council), these arrested Burgenland Jews

124 772 754 25 were brought back to the poor families with whom they were living

122 791 765 26 together, whereas the afore-named gentleman and four other collea-

118 810 749 28 gues in the name of the Vienna section of the Agudas Israel, had

123 829 764 28 to give to the Gestapo a written guarantee, according to which all

121 850 758 26 the Jews of the Burgenland - excepting sick people - had to leave

125 870 336 25 the Reich within four months.

213 899 702 35 I have come into this country authorised by all the orthodox

120 927 768 24 Rabbis of Austria, particularly by the Rabbis of Burgenland and the

120 945 803 28 President of the community of Burgenland - the Chief Rabbi Ehrenfeld.

212 982 704 30 I am asking you on their behalf to appear before the Council

118 1003 526 33 and to put forward the following proposals :-

121 1035 806 39 1. It will be recognised that the care of the Jews of the Burgenland

120 1064 795 28 is to be treated as an exceptional case, because they were expelled

120 1083 434 34 and deprived of their whole property.
