1919 3130
1018 65 112 52 - 3 -

211 247 1334 63 to Rumanian citizens enjoying full civil rights.

208 336 1457 73 Since Jews do not enjoy full civil rights, not being

211 432 1480 60 eligible to membership in the Party of the Nation, it

208 516 1481 63 is obvious that the intention is to exclude them also

206 612 851 58 from the practice of medicine.

336 693 1353 76 The Government appears to be making every effort

203 795 1402 55 on the one hand to appease the Jews by restraining

195 879 1389 60 molestation of all kinds, while on the other hand

195 975 1580 60 proceeding with such discriminatory regulations as those

195 1066 1465 58 just mentioned. Some are suspected of clandestinely

195 1155 1489 70 encouraging attacks on the Jews because of their con-

190 1244 1441 73 viction that (a) this is the solution of the entire

187 1338 1520 73 Rumanian problem and (b) it will curry favor with Ger-

185 1429 1391 70 many. Rumanians in general seem to wish to wreak

187 1515 1473 73 their wrath either actively or passively on the Jews

187 1614 1457 70 for the events which have taken place in Bessarabia,

187 1705 1444 68 particularly the many instances which are gradually

185 1797 1389 62 becoming known in which the Jews, either aided or

182 1891 1392 70 encouraged by communists and other members of the

185 1979 1525 68 local populations, rose against the departing Rumanian

185 2073 1206 68 officials at the time of the Russian entry.

318 2162 1305 68 Continual reports of persecutions and killings

180 2253 1446 68 of Jews in the provinces, particularly in Moldavian

182 2352 1491 58 villages and towns along the new frontier, are drift-

182 2436 1363 75 ing into Bucharest daily, but it is difficult to

182 2530 1428 62 ascertain just what proportion of them may be true.

315 2621 1327 62 As of possible interest in this general connec-

185 2720 1381 55 tion I am enclosing herewith a copy of a covertly

185 2801 1297 68 circulated statement issued by the self-styled

1391 2942 261 73 "Central
