1348 1653
613 89 131 69 COPY.

152 139 331 46 Strictly Confidential.

152 190 260 42 To Mrs. Schmolka,

253 220 99 41 HICEM

154 271 171 48 Dear Madam,

315 298 853 44 In our great despair, we appeal to you through the medium

155 330 971 48 of this letter, to help and secure our release from our unbearable

155 367 1012 46 situation. We already suffer gladly in addition to rats every natural

155 404 1005 51 inconvenience, but what happened to us on Saturday, the 16th of July,

155 447 545 43 is not only terrible but unendurable.

314 471 842 56 Hoping that you will secure our early release, we wish to

155 516 417 48 inform you of the following.

312 539 840 49 At 7.30 in the evening, four men from German-Austria, so-

158 577 970 52 called Gestapo-men, who by kicks and blows drove us out of our own

155 615 1004 43 home, now rob us even of the little peace we now enjoy by coming on

157 650 1040 51 board and attacking us. For this reason, we appeal to you with bursting

157 690 544 35 hearts to come to our rescue quickly.

312 712 888 51 We cannot put on paper details of how these four men behaved

157 750 1031 48 but suffice it to say that we wait only to get away from here. We will

158 792 951 49 all sign so that you will again see how many await their release.

301 826 899 55 May we ask you to send us some consolation quickly as to what

157 866 550 50 will happen to us in the near future.

301 891 871 49 Thanking you in anticipation for your infinite kindness and

158 932 999 55 awaiting from you, in whom we have the greatest confidence, an early

158 969 604 55 reply. With best regards and sad hearts.

432 1009 162 43 We remain,

461 1020 663 64 The interned Jews on board the tug "Laortis".

158 1067 604 58 Tug "Laortis" near Rajka, July 18, 1938

161 1241 1017 64 P.S. Taking into consideration possible reprisals and our exposed and

162 1296 987 58 tolerated position, we urgently ask you to refrain from any kind of

164 1344 155 56 publicity.
