825 1013
417 71 58 28 - 3 -

131 103 505 32 because of the divorce, but because we do have  humanity."

194 136 516 25 The next morning a Gestapo man came to collect her for the

132 160 617 20 transport. She told him that she was not to go. The Gestapo man left

134 173 587 22 to get in touch with H.Q., telling Mrs. Fraenkel that if he did not

133 189 606 22 return by 12 a.m., she woud not be taken. He did not return, and so

133 205 572 23 Mrs. Fraenkel excaped almost certain death. For nothing was ever

133 221 606 21 heard again from anyone who left on this transport. Amongst other of

133 235 614 25 her acquaintances, who were taken away on this transport was an Eduard

133 253 597 21 Stern, the Jewish hairdresser, whose job it had been to cut the hair

133 268 599 24 of the deportees at the collecting centre. With Stern were his wife

134 287 257 22 and his 10 year-old daugther.

193 313 568 28 In August, 1942, Hermann Fraenkel, Mrs. Fraenkel's father-in-law,

131 332 591 22 was deported to Theresienstadt. He had previously been sent to the

133 350 605 20 Jewish Old Age Home, Hermesweg. The home was kept in existence after

133 363 595 23 the dissolution of all the others. To be sent to the Hermesweg home

134 382 595 24 meant certain deportation. Hermann Fraenkel was 67 years old at the

133 398 49 25 time.

192 425 563 27 In September, 1942, Arthur Obst, Mrs. Fraenkel's uncle, was also

131 444 606 23 sent to Theresienstadt. He was also 67 years old. He wrote from the

133 460 572 27 camp, telling Mrs. Fraenkel in veiled terms that Hermann Fraenkel

132 478 85 24 was dead.

192 503 530 26 At this time the Jewish Community asked "Mischlinge" to help

130 525 570 22 in feeding and caring for the deportees at the collecting centre.

132 539 572 22 Mrs. Fraenkel volunteered and continued to do this until the last

132 555 595 25 transport in 1945. The deportees slept for one night at the centre.

133 570 605 25 Int he morning where was a luggage check, when Gestapo officers stole

133 590 596 21 what theh happened to fancy from the luggage. Next, by lorry to the

132 606 601 22 station, where they were herded into the train like cattle. Finally,

132 618 622 24 before the departiture, minor Gestapo officials walked through the trains

132 636 558 27 and stole such things as fountainpens, cigarette lighters, hats.

189 664 81 30 Summary.

192 694 546 29 In all, Mrs. Fraenkel was remarkly untouched throughout this

131 716 631 25 period. She suffered the deprivations expected in war-time, accentuated

132 730 643 25 by her yellow star. Her main recollection is of constant nervous strain,

132 749 604 20 of constant fear for her friends and relatives; of stories of terror

134 765 587 21 and brutality, of constant attempts to humiliate her and her Jewish

132 780 608 22 friends and relatives. But apart from petty persecutions at work and

132 796 595 22 verbal insults from Nazis, Mrs. Fraenkel never once witnessed actual

133 812 649 23 physical brutality, in spite of the fact that after 1942 she spent a great

133 828 496 27 deal of time with the deportees and their Gestapo guards.

192 860 560 24 After the war she joined her 'divorced' husband in London, where

132 873 194 30 they re-married again.
