2098 3208
936 8 177 69 - 3 -

264 240 1488 75 observers to be greatly encouraged by the Romanian

267 294 1515 64 aristocrats, business and professional men, who are

270 344 1472 62 behind the Government in this attempt. The expla-

264 390 1480 69 nation offered for the support of these classes to

264 441 1456 66 anti-semitic propaganda is the fact that they are

264 486 1427 67 the chief beneficiaries of the expropriations of

264 537 1403 67 Jewish owned properties in Romania and that the

262 582 1461 72 control of the economic and financial life of the

262 636 1434 64 country, in which the Jews were claimed to have a

262 684 1316 69 great interest, has been taken over by other

259 727 1445 72 Romanians. Accordingly, supporters are found in

262 780 1405 70 Rumania for editorials of the type appearing in

259 823 1437 75 PORUNCA VREMII of January 1, 1943, which praises

259 874 1491 75 Rumania's defense of Europe from the "Bolshevistic

259 924 1467 70 Jewish Terror." This editorial derides a Swedish

262 973 1520 77 journal for making a humanitarian plea on behalf of

262 1023 1552 70 the Jews of Europe. The Rumanian writer claims that

256 1072 1472 69 Sweden has the smallest percentage of Jews in its

256 1120 1526 80 population of any European country and that Rumania

256 1165 1542 78 would be "glad to export carloads of 'homeless Jews'

256 1221 1595 72 free of charge should Sweden really wish to save them

251 1275 947 58 from their well-deserved fate."

1137 1363 581 72 Respectfully yours,

1233 1713 471 56 Burton Y. Berry

1236 1764 468 61 American Consul

256 2106 129 80 891

256 2184 217 88 RMM/sn

262 2325 1233 89 To Department in original and hectograph.
