1494 2388
681 141 60 52 -4-

149 242 1060 54 eligible to vote with the necessary documents, for

149 316 1084 48 which purpose it has constituted sixteen offices in

151 394 335 45 Budapest alone.

254 457 957 52 While approximately 6 percent (or 650,000) of

153 537 1101 50 the population of Hungary is Jewish, it is estimated

153 612 1099 56 that not more than 60,000 are entitled under the law

153 694 1165 52 to vote at the election. The number of Jews registered

155 768 1141 53 is approximately 30,000 which shows how successful the

155 837 1060 56 Jewish Bureau has been--considering the short time

157 913 619 60 since the passage of the Act.

607 981 416 49 Respectfully yours,

159 1466 420 50 List of Enclosures:

262 1538 734 52 No. 1. Translation of the Jew Law

358 1574 506 51 Promulgated May 5, 1939.

243 1647 922 58 No. 2. Printed Copy of Original Hungarian

368 1685 709 56 Jewish Bill. (Three copies only.)

258 1761 781 55 No. 3. Printed Motivation Made upon

364 1792 1026 56 Introduction of the Jew Bill. (Three copies only.)

268 1874 706 52 No. 4. Index of the New Jew Law.

165 1940 321 75 File No. 840.1

171 2027 747 54 In Quintuplicate to the Department.
