1792 3095
188 139 1361 121 The 7,000 non- Jewish inhabitants of the town had been evacuated X.

85 214 1572 87 The barracks of the fortress formerly used for the Austrian Military and for

98 247 1554 96 Political prisoners – among them Principe who assassinated the Archduke Franz

92 283 1599 103 Ferdinand of Austria in 1914 and died in the damp dungeons of Terezin – and the

95 322 1539 106 small houses of the town were all occupied by Jews; only the church was ex-

90 402 521 59 cluded and was locked up.

185 451 1457 93 These barracks and houses were situated in the so-called Grosse Festung

98 495 1554 87 (Big Fortress), the ghetto proper, a minor part of which was reserved for the

87 541 1547 80 SS. There, in the Sudeten Kaserne, the SS kept the files of their records.

95 575 1500 90 The big fortress is surrounded by walls, the gates of which were guarded by

95 621 1562 90 Czech police. Though it was not easy to escape from that prison town it was

92 655 1503 92 not impossible, provided the people who dared the attempt spoke the verna-

98 704 1559 80 cular. Some Czech Jews while on work outside the ghetto succeeded in flee-

95 740 1505 85 ing. As punishment for this escape Jakob Edelstein, the first "elder" of

98 776 1536 100 the Jews (Judeneltester) was dismissed from his post and sent to Auschwitz.

193 848 1438 106 On the far side of the Eger lies the small fortress (Kleine Festung),

77 894 1603 101 a concentration camp for people from Czecho-Slovakia and Theresienstadt. The

80 962 1025 82 women of Lidice, for example, were held there. XX

191 1013 1508 96 The accommodation of the Grosse Festung was enlarged by some wooden huts,

95 1075 1544 75 built by the Jewish inmates. Men and women lived separated from each other

95 1111 1562 77 in the barracks. Some were men's quarters, others women's quarters. Family

95 1150 1565 93 life was impossible, but people could see each other after day's work was

90 1209 119 67 done.

196 1266 1539 85 The space allotted to each person was not more than about 4 ft. x 4 ft.5ins.

98 1312 1593 80 just enough to lie down, but in this small space one was supposed to eat, wash

95 1348 1632 83 and sleep, and to live. Bedsteads, or rather wooden bunks, were placed in three

100 1390 1658 80 tiers. People slept on straw-filled sacks, straw mattresses – rugs were not pro-

98 1439 1626 77 vided. Everybody had to provide a rug or cover for himself. All the barracks

90 1495 385 65 were bug-infested.

201 1560 1448 80 In the small private houses, which might more correctly be called slum

92 1601 1583 106 quarters, no furniture was left, and the same small space was detailed to the

103 1660 183 70 inmates.

185 1717 1209 75 We had dim electric light. Sanitation was most primitive.

196 1789 1500 83 For about 5,000 people, the officials of the administration and some per-

103 1844 1544 74 sons who, on German orders, had to receive preferential treatment, a little

103 1885 1544 80 more space – about 5 ft. X 5 ft. – was allocated. During the last month of

103 1926 1546 72 my stay in Theresienstadt I shared a room of about 12 ft. X 12 ft. with four

100 1970 1162 75 members of my family, my wife and my mother amongst them.

219 2032 1399 88 In Feb. 1944 about 38000 Jews were confined in Theresienstadt, the

108 2089 1562 72 majority of them Czechs, 2,800 Dutch, 300 Danes, the rest German and Austrian

111 2135 1544 65 Jews; later a few French Jews were brought to the ghetto, amongst them Mon-

105 2179 855 75 sieur Meyer, the former Mayor of Le Havre.

105 2316 1452 61 X Compare the ordinance published in the "Verordnungsblatt des Reichs-

113 2349 1549 72 protektors f. Boehmen und Maehren" of the 28th Feb. 1942, according to which

116 2390 1412 70 all Jews in the Protectorate are to be concentrated at Theresienstadt.

113 2432 1487 77 According to this decree the complete isolation had been proved necessary

111 2473 1564 72 in order to prevent whispering propaganda and subversive activities, chiefly

113 2522 413 64 emanating from Jews.

108 2574 1567 90 XX The cattle of Lidice had been brought to Theresienstadt, and were looked

116 2635 1448 67 after by the Theresienstadt Jews. Young Jews from Theresienstadt were

121 2677 1361 87 taken to Lidice by the SS to dig the graves for the murdered Lidice

113 2723 238 83 population.
