1817 3226
891 40 110 70 -8-

121 271 1486 65 were encouraging persection of the Jews in Rumania

123 365 1562 70 from a self-interest, since they hoped to fall heir to

121 457 1515 67 much that the Jews would be forced to give up here.)

263 559 1373 56 At present Rumania is endeavoring to maintain a

118 650 1572 62 policy of friendly cooperation with other countries in

104 744 1503 67 Europe although there is obvious fear of the German

115 836 1486 64 colossus and a real desire for sympathetic interest

115 932 1543 62 and material assistance from the so-called "democratic

118 1032 1572 56 bloc" of France, England, and America. The uncertainty

113 1123 1510 62 as to Germany's future course of action and the lack

113 1225 1494 57 of any real assurance as to what assistance Rumania

107 1317 1613 70 might expect from her allies in case of a German threat

110 1411 1548 75 are naturally causes for alarm. The solution of this

113 1516 1461 56 problem is of vital importance to the Jews of this

110 1604 1548 76 country, as their hopes not unnaturally rise and fall

107 1701 1497 78 as Rumania moves closer to or further away from the

107 1795 600 62 western democracies.

250 1895 1410 64 Should any form of international cooperation for

107 1992 1521 61 the settlement of Jews in another country finally be

107 2086 1440 64 worked out the Rumanian Government and the Jewish

107 2182 1578 73 Societies here will undoubtedly participate. In addi-

107 2277 1465 64 tion to the non-citizen Jews now resident here the

107 2373 1580 73 Government will also endeavor to rid itself of many of

104 2467 1470 68 the poorer and often illiterate Jews in the former

110 2561 1548 76 Russian territory of Bessarabia. The total number of

110 2661 1545 75 these two classes which would be assisted to emigrate

107 2758 1537 72 can not be estimated, but it would probably amount to

110 2852 1572 75 250,000. The middle class and lower middle class Jews

110 2949 1561 69 are those now making the greatest efforts to emigrate.

1469 3096 97 76 In
