2178 3279
420 2114 1416 61 My despatch on the above subject (No. 557) dated

286 2210 1596 74 October 6, 1938, gave the history and background of the

292 2306 1454 63 Jewish question in Rumania and related the various

371 2396 1462 71 asures and conditions affecting the lot of the Jews

379 2494 1536 69 this country up to that date. The situation was then

505 2587 410 60 up as follows:

584 2727 1047 65 A general conviction of a surplus of

437 2773 1270 63 Jews, mild repressive measures based techni-

445 2822 1265 63 cally on the revision process, and an avowed

456 2869 1224 68 search for outlet by international arrange-

442 2915 1159 63 ment. The anti-Semitic fire of the Goga

448 2970 1126 54 regime suddenly and briefly brought the

448 3008 1238 63 boiling point, from which there now remains

453 3063 1153 57 a fairly quiet simmering. Just what new

1401 3194 320 65 influences.
