2067 3177
209 1580 400 77 The Honorable

347 1675 665 64 The Secretary of State,

482 1765 331 72 Washington.

206 1900 141 77 Sir:

349 2041 1362 58 I have the honor to report that the new Minister

201 2128 1404 72 of Propaganda, Mr. Nichifor Crainic, received the

211 2226 1445 56 directors of Bucharest newspapers on June 8th last,

209 2311 1497 71 which time he read to them a prepared statement which

212 2403 914 64 included the following passages:

466 2525 1049 88 "In the new regime inaugurated by His

349 2589 1243 58 Majesty the King the right of daily address-

363 2639 1227 56 ing the Rumanian nation belongs to Rumanians

357 2684 1235 53 of pure blood. Nationality is a fatality of

360 2724 1100 58 the blood, and a stranger tends only to

360 2769 1150 63 express his own self when he utilizes our

363 2816 1261 59 language. A long and grievous experience has

360 2864 1283 56 taught us that the press written by Jews never

360 2912 1285 61 succeeds in integrating itself into the ideals

1560 2994 93 74 of
