1778 3102
28 144 1574 73 a work detachment on the 1st October. He had seen his brother, the engineer,

36 180 1540 73 go to the left, selected as one of the 900, and left the camp under the im-

38 224 1525 75 pression that his brother had been asphyxiated with the others. But Spitz,

38 261 1608 93 the engineer, was alive at least at the time of my leaving Auschwitz in the middle

38 305 236 62 of October.

137 385 1433 72 Among the selected men were Engineer Zucker, one of Dr. Epstein's col-

33 426 1553 72 leagues in the Theresienstadt camp administration, an able and distinguished

38 470 1530 75 man, and the actors Max Ehrlich and Willy Rosen, Ehrlich conspicuous by his

38 511 288 62 grey hair. X

129 584 1506 111 We stayed in Section E of Auschwitz, the so-called gypsycamp, a quaran-

36 622 473 65 tine for new arrivals.

25 705 1558 93 Human Guinea-Pigs. There I heard from the Dutch Jewish doctor Sal. De Jong,

463 754 1079 73 that the SS doctor Moll, and his SS colleagues, were

33 785 1587 86 experimenting on camp inmates. I was told of experiments made with twins and

33 832 1545 67 also of vivisection carried out on human beings. A girl from the Auschwitz

31 873 1591 70 camp who had hidden there when the Germans evacuated Auschwitz, and whom I met

33 912 1545 70 after my escape, told me that these human guinea-pigs were all killed before

33 956 1527 72 the evacuation. At that time the gas chambers were no longer working, nor

31 995 1620 72 were the crematoria which had been blown up. The victims were therefore thrown

33 1036 1571 75 into pits and unslaked lime was poured over them. Whether they had been shot

33 1077 1607 68 before I do not know, but the Jewish camp doctor, Epstein from Prague, who has

31 1114 1169 72 survived, must be able to furnish further information. XX

126 1191 1483 78 In Auschwitz everybody was more than keen on being transferred to a camp

23 1238 1584 77 in which conditions were supposed to be somewhat bearable. In the opinion of

28 1359 1612 73 X Willy Rosen was well known as a writer and composer of popular airs, which

31 1403 838 67 were sung and whistled all over Germany.

131 1442 1494 65 Max Ehrlich, a highly educated actor and a book-collector3, was up to 1933

31 1488 1620 68 one of the most popular comedians in Berlin, a star of the Admiralspalast shows.

31 1527 1571 65 In 1933, when he was banned from appearing before German audiences, he joined

31 1563 1612 70 the "Judische Kulturbund". His fine performances in comedies, and his cabaret

33 1613 1584 59 shows, were gratefully applauded by the Jewish public whose minds Ehrlich dis-

33 1651 1569 62 tracted from the daily humiliations. A few days after the November pogrom of

33 1693 1569 59 1938 had been staged by the Nazis, thousands of Jewish men imprisoned and all

31 1731 1609 70 the Jewish organisations closed down by the Gestapo, the Nazi supervisor of the

28 1768 1618 69 Kulturbund, Hinkel, ordered the re-opening of the Kulturbund and forced Ehrlich

25 1814 1589 62 to present a cabaret show. The world reacting with disgust to the pogrom was

31 1853 1568 59 told by the Nazi Press that the Jews could even enjoy cabaret shows, and the

31 1894 1602 62 reports in the foreign press were nothing but atrocity stories. This November

28 1936 1584 62 performance on Gestapo orders was to become a symbol of Ehrlich's future fate:

28 1977 1548 62 a comedian who had to smile and make people laugh by the order of his mortal

31 2016 1511 62 enemy. In 1939 Ehrlich emigrated to Holland where he opened a cabaret to-

33 2060 1545 59 gether with Camilla Spira and Kurt Gerron. After the occupation of Holland

33 2096 1574 62 Ehrlich was taken to the Westerbork camp and again, on the Commandant’s order,

31 2140 1581 59 had to cheer up the people in this vast waiting-room for the train into limbo.

33 2181 1584 57 (See no. 2. of our Series "The Persecution of Jews in Holland"). In Theresien-

33 2223 1625 59 stadt, where he was taken from Westerbork, he could not continue this "work", be-

31 2267 1607 64 cause he was only there for a fortnight. This true Pagliacci fate ended in the

25 2298 741 62 extermination chambers of Auschwitz.

18 2362 1299 85 XX He has already given evidence to the Russian Authorities.
