1880 3148
779 73 111 50 - 2 -

63 215 1630 94 its manifestations took the form of a demonstration made

63 314 1512 89 at the University lectures delivered by Professor M.

63 409 1572 92 Popoff on the purity of races, a theory which the Pro-

63 501 1578 102 fessor repudiates as scientifically unjustified. Sub-

65 598 1607 99 sequently during last summer and in November, 1938, the

65 692 1670 87 signs of Jewish shops were broken and a few Jews molested

68 784 1533 89 in the streets, but the police speedily arrested the

65 899 662 71 young men responsible.

212 973 1497 99 Early in March this year a young group belonging to

68 1065 1612 97 this organization threw eggs at the public after a con-

70 1162 1586 97 cert given by the Choir of the Synagogue of Sofia, and

73 1261 1531 92 this scandal was the direct incident that led to the

76 1353 1546 100 internment of the instigator, Professor Kantardjieff.

220 1450 1533 95 There is no sympathy in Bulgaria for the anti-Jewish

76 1545 1649 99 demonstrations of this organization, especially as there

81 1644 1504 100 is no Jewish problem here, the total number of Jews

84 1741 1617 111 amounting to less than 55,000. The Jews are not active

84 1836 1593 100 in political and public life; there are none among the

91 1933 1589 110 army officers and almost none in civil service. Their

94 2030 1476 100 sphere of activity is business, industry and small

94 2119 1617 105 trades, and there are very few Jews in the liberal pro-

97 2216 1651 105 fessions and arts. The anti-Jewish propaganda conducted

102 2311 1675 105 by the "Workers of New Bulgaria" is of foreign origin and

105 2416 1559 102 is, it is believed, directly encouraged from Germany.

254 2507 1444 97 Except for the measures taken against the authors

112 2602 1563 102 of anti-Jewish demonstrations, the Government has not

120 2699 1531 105 considered important the activities of a group whose

120 2780 1557 113 membership is not very large. After these last inci-

126 2883 1617 107 dents, however, more severe measures of repression were

1475 2977 286 60 taken....
