2488 3296
335 197 250 83 NO. 188

929 192 580 68 THE FOREIGN SERVICE

1116 247 184 63 OF THE

868 288 723 77 UNITED STATES OF AMERICA

1275 475 764 68 AMERICAN CONSULATE GENERAL

1066 527 1048 69 Istanbul, Turkey, November 16, 1942.

321 708 1501 77 SUBJECT: Transmitting Bulgarian Anti-Jewish Law of

761 771 891 69 August 29, 1942, with Comments.

329 903 402 66 THE HONORABLE

519 953 646 68 THE SECRETARY OF STATE,

953 986 333 79 WASHINGTON.

318 1090 149 80 SIR:

464 1170 1479 82 I have the honor to trasmit herewith a free trans-

324 1238 1652 72 lation of the Law of August 29, 1942, which was published

327 1293 1591 58 on the basis of a law authorizing the Bulgarian cabinet

327 1337 1589 61 to take necessary measures in connection with the regu-

324 1387 1682 63 lation of the Jewish question. The source of the enclosed

324 1428 1625 68 translation is the DURZHAVEN VESTNIK (State Gazette) No.

327 1488 1465 63 192, published in Sofia, Bulgaria, August 29, 1942.

461 1579 1457 60 A commentary on the Law, in the form of an outline

321 1631 1597 74 of its principal provisions, which has been prepared by

318 1672 990 63 Dr. Floyd H. Black, follows below.

459 1955 1495 69 The commentary on the Law of August 29, 1942, which

313 2016 1193 57 follows below, may be divided as follows:

456 2103 1490 69 1. Jewish population of Bulgaria and participation

313 2153 1674 71 of Jews in the economic and community life of the country.

456 2246 1311 63 2. Development of anti-Semitism in Bulgaria.

459 2348 761 69 3. Laws against the Jews.

607 2395 1306 60 a) The Law of January 23, 1941, having as its

456 2444 1020 60 aim the impoverishment of the Jews.

604 2535 1287 63 b) The Law of August 29, 1942, having as its

459 2587 1517 60 aim the complete destruction of the Jewish community

464 2636 1103 61 in Bulgaria and particularly in Sofia.

467 2730 1539 57 4. A resumé of some of the principal articles of the

310 2776 685 61 Law of August 29, 1942.

459 2864 1545 69 The total Jewish population of Bulgaria not including

321 2916 1597 61 the recently annexed areas is approximately 46,000. Of

327 2966 1616 63 these between 25,000 and 30,000 live in Sofia or between

324 3013 1616 63 seven and eight per cent of the total population of this

313 3062 1594 88 city. In general the Jews in Bulgaria are a respected

1715 3161 124 55 and
