1947 3237
980 45 113 73 - 4 -

199 275 1510 78 May 14th and again on September 17th last, and it is

207 366 1505 70 understood that King Carol introduced the subject in

205 463 1455 63 his conversations at London on the occasion of his

205 555 1561 68 recent official visit. The Government's preoccupation

199 647 1450 67 with this problem is further shown in a communiqué

202 747 1588 64 issued at the close of a meeting of the Council of Min-

197 838 1425 65 isters on December 14th, which reads, in part, as

197 927 259 76 follows:

456 1065 1042 78 "It has been decided to apply to the

337 1119 1253 70 citizens subjected to revision and deprived

342 1173 1151 70 of their rights (Jews) the provisions of

345 1219 1097 62 the law for the protection of national

342 1267 184 62 labor.

448 1351 1104 73 "It has also been decided to encourage

334 1402 1189 70 associations for Jewish emigration and to

337 1453 637 65 second their activity.

450 1540 1102 73 "In this connection the Jewish problem

332 1588 1215 79 has also been examined on an international

334 1640 1183 75 basis, envisaging Rumania's participation

334 1685 1183 71 in diplomatic action looking to the solu-

334 1742 643 57 tion of this problem."

326 1874 1450 73 Five days after the issuance of the foregoing com-

175 1977 1580 62 muniqué the press both here and abroad carried stories

180 2071 1521 76 to the effect that the Rumanian Government had begun

180 2166 1602 67 negotiations with the British Government looking to the

183 2260 1566 67 immigration into Palestine and certain British posses-

180 2354 1521 65 sions of some 150,000 Rumanians Jews over a period of

183 2449 1618 65 three years. As stated in my telegram No. 153 of Decem-

180 2543 1548 65 ber 25th, however, the British Minister then infomed

178 2638 1544 64 me that the reports were greatly exaggerated and that

180 2732 1567 68 conversations in that connection had been no more than

183 2826 1539 71 tentative. Before and since that time the leaders of

186 2918 1528 65 the Jewish Communities have held meetings among them-

186 3015 1523 84 selves and with members of the Government, seeking an

1482 3158 205 65 answer
