1915 3254
908 5 106 70 - 6 -

108 200 1527 106 them and an arrangement is made for them to get there

111 298 1576 103 they will probably have a hard time. As to the others,

111 393 1587 86 the 800,000 who have established their citizenship, the

111 488 1535 95 Government points to their citizenship as a guarantee

111 583 1538 94 of the same treatment as accorded to others, although

111 677 1540 98 admitting that Jews "will probably not be admitted to

113 772 1601 101 the higher positions". Actually the limitations placed

113 865 1620 92 on their enjoyment of the rights and privileges of citi-

116 965 1538 87 zens are often sufficiently severe in various ways to

116 1060 1484 87 suggest the strong desirability of their departure.

113 1152 1620 87 Thus even the citizen Jews have no reassuring prospects.

116 1255 1492 81 Technically they might expect to receive at least a

119 1344 1600 104 part of the benefits of the new Mincrities Statute, but

119 1442 1627 87 in practice they are not looked upon as an ethnic minor-

124 1570 139 56 ity.

265 1629 1378 84 Some measures are frankly aimed directly at the

122 1730 1573 81 Jews, including those who have retained their citizen-

127 1822 1432 97 ship. For example, the press of January 5th last

127 1914 1546 103 announced a decison of the Ministry of Finance with-

130 2006 1543 92 drawing licenses to deal in wines and liquors held by

132 2104 1547 97 280 Jewish firms in Bucharest, while it is known that

135 2201 1546 87 hundreds of others have been withdrawn in other parts

138 2299 1522 95 of the country. Another instance is the issuance of

141 2391 1630 87 instructions by the Ministry of Education to strike from

143 2492 1517 78 the scholl rolls those Jewish students who refuse to

146 2581 1516 98 attend school on Saturdays. Jewish lawyers expelled

146 2668 1627 100 from the Galatz bar "pending completion of the revision"

149 2774 1592 78 have never been allowed to return, whereas in Bucharest

154 2868 1416 87 only the non-citizen Jewish lawyers are excluded.

157 2963 1386 84 Several other instances could be mentioned, but,

1462 3107 298 65 generally
