2488 3296
1008 156 179 50 - 2 -

360 384 1569 66 and cultured element in the population. Their average

365 433 1498 66 standard of living is considerably above the general

362 472 1529 77 standard of living in the country. Until the rise of

362 519 1438 79 Hitler to power in Germany there had never been an

360 571 1501 71 anti-Jewish movement in Bulgaria. Jews took part in

357 618 1385 74 all phrases of business and community life. They

354 664 1562 69 regarded themselves as an essential part of the State.

357 714 1526 68 They felt no distinction between themselves and other

354 758 1388 79 Bulgarian citizens. Their ancestors had come to

351 807 1474 77 Bulgaria in Turkish times, many families being able

351 854 1532 68 to trace their descend in Bulgaria as far back as 200

349 903 189 66 years.

489 999 1314 63 Anti-Semitism first showed itself in forms of

340 1043 1540 74 annoyance to Jews. Social ostracism began to appear.

343 1093 1482 74 By 1935 petty persection had begun. The Jews were

343 1142 1339 72 called "chefuti" the equivalent of the English

349 1186 1501 80 "sheeny." Two youth organizations were formed which

338 1236 1539 79 had has their purpose, among other things, the perse-

340 1290 1507 72 cution of the Jews. These organizations were called

343 1334 1509 64 (1) the LEGIONERI and, (2) the RATNITZI. The latter

338 1384 1547 71 word means "workers" or pioneers." The membership of

340 1431 1537 71 these organizations was made up mainly of students in

340 1477 1449 77 the gymnasiums and universities and of other young

335 1529 1539 64 people. Both organizations had patrons and promoters

338 1576 1514 74 in high quarters. The symbol of the LEGIONERI was a

335 1631 1564 66 circle with a cross in it. This symbol was used as an

332 1675 1573 60 anti-Jewish symbol, the opposite of the Jewish Star of

335 1719 1592 80 David. This sign was seen in every conspicious place -

329 1771 1501 72 on walls, fences, trees, on rocks by mountain paths.

335 1815 1534 74 It was universal. It was put on with chalk, charcoal

329 1864 385 66 or red paint.

470 1961 1459 68 Jews were beaten. Jewish children going to school

324 2002 1630 71 were attacked by other children. About 1938 (exact date

327 2054 1597 71 not available) a concert was given in the large concert

329 2103 1570 75 hall "Bulgaria" by a Jewish orchestra and choir. Most

324 2156 1548 66 of the audience, though not all, was made up of Jews.

332 2208 1619 66 As the audience left the hall it was attacked by a crowd

327 2244 1569 76 with eggs. In the autumn of 1939 between five and six

329 2296 1631 63 o'clock one afternoon the windows of almost every Jewish

327 2340 1594 71 shop in Sofia were broken simultaneously. Thus, before

335 2397 1586 69 the war began a definite movement of persecution toward

332 2444 869 63 the Jews had been inaugurated.

318 2537 663 75 Laws Against the Jews.

467 2625 1490 74 There are two principal laws against the Jews. The

324 2672 1655 71 first, called the Law for the Defense of the Nation, went

329 2724 1625 72 into effect January 23, 1941. The second is the law now

327 2774 1536 57 under discussion which went into effect on August 29,

329 2818 1565 76 1942. A copy of the first law is not available at the

327 2873 1569 57 present time but can probably be supplied later. Some

329 2919 1328 61 of the main points in this law are as follows:

467 3010 1198 74 1. The term "Jewish descent" is defined.

1602 3103 107 72 2.
