1209 1653
413 355 273 49 10th August, 1938.

187 451 284 77 Dear Mrs. Schmolka,

329 493 609 75 I have received your letter of August 2nd,

190 562 780 55 written on behalf of the Hicem of Prague, and relating

188 619 785 46 to the tragic position of the Jews from the Burgenland

188 663 686 45 on board the "Laortis". The Committee of the

188 708 712 53 Council for German Jewry carefully considered the

187 756 711 53 matter, but could not accept the proposal made to

188 805 782 51 them that they should contribute £4,000 for the rescue

187 851 696 45 of four families. This is far in excess of any

187 898 698 45 grant that has been previously made, and we felt

187 943 753 54 that we should not be justified, in view of the many

188 1000 779 48 other claims that we must endeavour to meet, to expend

197 1045 674 47 so large a sum for the benefit of such a small

184 1092 701 43 number of persons. I much regret that I do not

186 1139 711 53 feel able to ask the Committee to reconsider this

184 1179 144 66 decision.

490 1230 246 55 Yours sincerely,

554 1304 224 61 (Sgd.) SAMUEL.
