<?xml version="1.0" encoding="UTF-8"?>
<alto xmlns:xsi="http://www.w3.org/2001/XMLSchema-instance"
      xmlns="http://www.loc.gov/standards/alto/ns-v4#"
      xsi:schemaLocation="http://www.loc.gov/standards/alto/ns-v4# http://www.loc.gov/standards/alto/v4/alto-4-2.xsd">
  <Description>
    <MeasurementUnit>pixel</MeasurementUnit>
    <sourceImageInformation>
      <fileName>EHRI-ET-YV3549264_07.jpg</fileName>
      
    </sourceImageInformation>
  </Description>
  
  <Tags>
    <OtherTag ID="BT4" LABEL="Illustration" DESCRIPTION="block type Illustration"/><OtherTag ID="BT3" LABEL="Commentary" DESCRIPTION="block type Commentary"/><OtherTag ID="BT2" LABEL="Main" DESCRIPTION="block type Main"/><OtherTag ID="BT1" LABEL="Title" DESCRIPTION="block type Title"/>
    <OtherTag ID="LT3626" LABEL="default" DESCRIPTION="line type default"/>
  </Tags>
  
  <Layout>
    <Page WIDTH="1785"
          HEIGHT="3095"
          PHYSICAL_IMG_NR="48"
          ID="eSc_dummypage_">
      <PrintSpace HPOS="0"
                  VPOS="0"
                  WIDTH="1785"
                  HEIGHT="3095">
        

        
        <TextBlock ID="eSc_dummyblock_">
          
          
          <TextLine ID="eSc_line_e1268a04"
                    TAGREFS="LT3626"
                    BASELINE="193 216 1594 193" 
                    HPOS="190"
                    VPOS="141"
                    WIDTH="1404"
                    HEIGHT="98">
            <Shape><Polygon POINTS="193 216 193 239 1591 216 1594 193 1588 157 1475 141 1472 141 1323 157 1274 165 1155 165 1147 159 1127 147 1124 147 1122 147 1119 147 1013 159 951 167 931 159 913 154 910 154 907 154 864 162 809 170 771 162 735 154 732 154 673 162 601 172 567 162 552 159 549 159 546 159 523 165 466 175 433 165 417 159 415 159 412 159 381 165 314 177 190 167 193 216"/></Shape>
	    <String CONTENT="The whole character of the town was changed by this embellishment by"
                    HPOS="190"
                    VPOS="141"
                    WIDTH="1404"
                    HEIGHT="98"></String>
          </TextLine>

          
          
          <TextLine ID="eSc_line_dfd95840"
                    TAGREFS="LT3626"
                    BASELINE="105 260 1686 234" 
                    HPOS="103"
                    VPOS="201"
                    WIDTH="1583"
                    HEIGHT="82">
            <Shape><Polygon POINTS="105 260 105 283 1684 255 1686 234 1679 201 103 224 105 260"/></Shape>
	    <String CONTENT="order. Recreation grounds were laid out with large flower-beds, a music tent"
                    HPOS="103"
                    VPOS="201"
                    WIDTH="1583"
                    HEIGHT="82"></String>
          </TextLine>

          
          
          <TextLine ID="eSc_line_114b39e0"
                    TAGREFS="LT3626"
                    BASELINE="79 301 1715 275" 
                    HPOS="77"
                    VPOS="234"
                    WIDTH="1638"
                    HEIGHT="85">
            <Shape><Polygon POINTS="1676 237 1650 237 1625 237 1599 237 1573 237 1547 237 1521 239 1496 239 1470 239 1444 239 1418 239 1392 239 1367 242 1341 242 1315 242 1289 242 1263 242 1238 242 1214 242 1209 242 1186 245 1160 245 1134 245 1109 245 1083 245 1057 245 1031 247 1005 247 980 247 954 247 928 247 902 247 877 250 851 250 825 250 799 250 773 250 748 250 722 252 696 252 670 252 644 252 619 252 593 252 567 255 541 255 515 255 490 255 464 255 438 255 412 257 386 257 361 257 335 257 309 257 283 257 257 260 232 260 206 260 180 260 154 260 128 260 103 260 100 257 77 257 79 301 79 319 1715 296 1715 275 1707 234 1676 234 1676 237"/></Shape>
	    <String CONTENT="where the town band gave concert every afternoon was built, a kindergarten with"
                    HPOS="77"
                    VPOS="234"
                    WIDTH="1638"
                    HEIGHT="85"></String>
          </TextLine>

          
          
          <TextLine ID="eSc_line_3a958b72"
                    TAGREFS="LT3626"
                    BASELINE="98 343 1666 317" 
                    HPOS="95"
                    VPOS="281"
                    WIDTH="1571"
                    HEIGHT="87">
            <Shape><Polygon POINTS="98 343 98 368 1663 335 1666 317 1658 281 95 309 98 343"/></Shape>
	    <String CONTENT="cradles, a slide and a see-saw was established, as well as a laundry. Even a"
                    HPOS="95"
                    VPOS="281"
                    WIDTH="1571"
                    HEIGHT="87"></String>
          </TextLine>

          
          
          <TextLine ID="eSc_line_787746eb"
                    TAGREFS="LT3626"
                    BASELINE="100 381 1725 355" 
                    HPOS="98"
                    VPOS="322"
                    WIDTH="1627"
                    HEIGHT="80">
            <Shape><Polygon POINTS="100 381 100 402 1723 379 1725 355 1717 322 98 348 100 381"/></Shape>
	    <String CONTENT="restaurant was opened where one could eat one&#x27;s meals on one&#x27;s ration card. The"
                    HPOS="98"
                    VPOS="322"
                    WIDTH="1627"
                    HEIGHT="80"></String>
          </TextLine>

          
          
          <TextLine ID="eSc_line_bc035606"
                    TAGREFS="LT3626"
                    BASELINE="100 420 1663 397" 
                    HPOS="98"
                    VPOS="361"
                    WIDTH="1565"
                    HEIGHT="80">
            <Shape><Polygon POINTS="100 420 100 441 1663 415 1663 397 1656 361 98 381 100 420"/></Shape>
	    <String CONTENT="benches erected in the improvised &quot;parks&quot; turned out to be a blessing for the"
                    HPOS="98"
                    VPOS="361"
                    WIDTH="1565"
                    HEIGHT="80"></String>
          </TextLine>

          
          
          <TextLine ID="eSc_line_36b05abb"
                    TAGREFS="LT3626"
                    BASELINE="98 464 1305 446" 
                    HPOS="95"
                    VPOS="410"
                    WIDTH="1210"
                    HEIGHT="72">
            <Shape><Polygon POINTS="98 464 98 482 1305 469 1305 446 1297 410 95 430 98 464"/></Shape>
	    <String CONTENT="inmates who, from that time on, could sit down in the open."
                    HPOS="95"
                    VPOS="410"
                    WIDTH="1210"
                    HEIGHT="72"></String>
          </TextLine>

          
          
          <TextLine ID="eSc_line_37ae825a"
                    TAGREFS="LT3626"
                    BASELINE="203 541 1599 520" 
                    HPOS="201"
                    VPOS="482"
                    WIDTH="1398"
                    HEIGHT="82">
            <Shape><Polygon POINTS="203 541 203 564 1596 541 1599 520 1591 482 201 508 203 541"/></Shape>
	    <String CONTENT="In a word, a Potemkin village was put before the eyes of the foreign"
                    HPOS="201"
                    VPOS="482"
                    WIDTH="1398"
                    HEIGHT="82"></String>
          </TextLine>

          
          
          <TextLine ID="eSc_line_2c672dbc"
                    TAGREFS="LT3626"
                    BASELINE="98 585 1689 559" 
                    HPOS="95"
                    VPOS="528"
                    WIDTH="1594"
                    HEIGHT="78">
            <Shape><Polygon POINTS="98 585 98 606 1686 580 1689 559 1681 528 95 554 98 585"/></Shape>
	    <String CONTENT="visitors. Dr. Epstein had to make an exaggerated report about the favourable"
                    HPOS="95"
                    VPOS="528"
                    WIDTH="1594"
                    HEIGHT="78"></String>
          </TextLine>

          
          
          <TextLine ID="eSc_line_4672c751"
                    TAGREFS="LT3626"
                    BASELINE="103 626 1663 600" 
                    HPOS="100"
                    VPOS="572"
                    WIDTH="1563"
                    HEIGHT="72">
            <Shape><Polygon POINTS="103 626 103 644 1663 626 1663 600 1656 572 100 595 103 626"/></Shape>
	    <String CONTENT="conditions in Theresienstadt to the delegation. He was sure, as he told us,"
                    HPOS="100"
                    VPOS="572"
                    WIDTH="1563"
                    HEIGHT="72"></String>
          </TextLine>

          
          
          <TextLine ID="eSc_line_24b1b2ec"
                    TAGREFS="LT3626"
                    BASELINE="103 665 1617 644" 
                    HPOS="100"
                    VPOS="608"
                    WIDTH="1517"
                    HEIGHT="78">
            <Shape><Polygon POINTS="103 665 103 686 1614 665 1617 644 1609 608 100 629 103 665"/></Shape>
	    <String CONTENT="that the members of the Commission would realise the bluff the Nazis were"
                    HPOS="100"
                    VPOS="608"
                    WIDTH="1517"
                    HEIGHT="78"></String>
          </TextLine>

          
          
          <TextLine ID="eSc_line_3d00cb59"
                    TAGREFS="LT3626"
                    BASELINE="100 711 1661 683" 
                    HPOS="98"
                    VPOS="642"
                    WIDTH="1563"
                    HEIGHT="87">
            <Shape><Polygon POINTS="1594 647 1568 647 1542 647 1516 647 1490 647 1465 647 1439 647 1413 649 1387 649 1361 649 1336 649 1310 649 1284 649 1261 649 1256 649 1232 652 1207 652 1181 652 1155 652 1132 652 1031 652 1026 655 1000 655 98 670 100 711 100 729 1661 711 1661 683 1653 642 1594 642 1594 647"/></Shape>
	    <String CONTENT="putting up, but apparently the Commission allowed themselves to be deceived."
                    HPOS="98"
                    VPOS="642"
                    WIDTH="1563"
                    HEIGHT="87"></String>
          </TextLine>

          
          
          <TextLine ID="eSc_line_1c7162f6"
                    TAGREFS="LT3626"
                    BASELINE="92 789 1720 760" 
                    HPOS="90"
                    VPOS="711"
                    WIDTH="1630"
                    HEIGHT="114">
            <Shape><Polygon POINTS="92 789 92 825 536 822 588 817 691 802 771 812 779 812 781 812 802 812 993 796 1075 807 1093 807 1096 807 1109 804 1160 794 1720 794 1720 760 1712 711 90 740 92 789"/></Shape>
	    <String CONTENT="Reproduction Prohibited. Dr. Epstein had to mention the high birth rate in the"
                    HPOS="90"
                    VPOS="711"
                    WIDTH="1630"
                    HEIGHT="114"></String>
          </TextLine>

          
          
          <TextLine ID="eSc_line_968b0625"
                    TAGREFS="LT3626"
                    BASELINE="660 822 1637 804" 
                    HPOS="657"
                    VPOS="773"
                    WIDTH="980"
                    HEIGHT="75">
            <Shape><Polygon POINTS="660 822 660 848 1635 825 1637 804 1630 773 657 784 660 822"/></Shape>
	    <String CONTENT="ghetto, while in fact reproduction was prohibited."
                    HPOS="657"
                    VPOS="773"
                    WIDTH="980"
                    HEIGHT="75"></String>
          </TextLine>

          
          
          <TextLine ID="eSc_line_480038e4"
                    TAGREFS="LT3626"
                    BASELINE="92 866 732 866 1715 843" 
                    HPOS="90"
                    VPOS="812"
                    WIDTH="1625"
                    HEIGHT="77">
            <Shape><Polygon POINTS="786 822 781 822 90 827 92 866 92 889 1712 864 1715 843 1707 812 786 820 786 822"/></Shape>
	    <String CONTENT="Women when entering the camp were warned that they had to undergo abortion dur-"
                    HPOS="90"
                    VPOS="812"
                    WIDTH="1625"
                    HEIGHT="77"></String>
          </TextLine>

          
          
          <TextLine ID="eSc_line_df8f2ca6"
                    TAGREFS="LT3626"
                    BASELINE="100 910 1648 887" 
                    HPOS="98"
                    VPOS="856"
                    WIDTH="1550"
                    HEIGHT="75">
            <Shape><Polygon POINTS="100 910 100 931 1645 910 1648 887 1640 856 98 879 100 910"/></Shape>
	    <String CONTENT="ing the first four months of their pregnancy. Nevertheless there were about"
                    HPOS="98"
                    VPOS="856"
                    WIDTH="1550"
                    HEIGHT="75"></String>
          </TextLine>

          
          
          <TextLine ID="eSc_line_167547cd"
                    TAGREFS="LT3626"
                    BASELINE="100 949 1132 943 1738 925" 
                    HPOS="98"
                    VPOS="892"
                    WIDTH="1640"
                    HEIGHT="85">
            <Shape><Polygon POINTS="100 949 100 972 990 977 993 977 1106 962 1122 974 1124 974 1127 974 1129 977 1230 977 1230 974 1232 974 1235 974 1261 959 1266 959 1380 972 1382 972 1738 951 1738 925 1730 892 98 910 100 949"/></Shape>
	    <String CONTENT="150 babies born in the camp, &quot;black babies&quot; as we used to call them, babies born"
                    HPOS="98"
                    VPOS="892"
                    WIDTH="1640"
                    HEIGHT="85"></String>
          </TextLine>

          
          
          <TextLine ID="eSc_line_59d3fa36"
                    TAGREFS="LT3626"
                    BASELINE="98 992 675 985" 
                    HPOS="95"
                    VPOS="954"
                    WIDTH="580"
                    HEIGHT="67">
            <Shape><Polygon POINTS="98 992 98 1021 673 1021 675 985 668 954 95 959 98 992"/></Shape>
	    <String CONTENT="in spite of the prohibition."
                    HPOS="95"
                    VPOS="954"
                    WIDTH="580"
                    HEIGHT="67"></String>
          </TextLine>

          
          
          <TextLine ID="eSc_line_20351a13"
                    TAGREFS="LT3626"
                    BASELINE="90 1078 1617 1049" 
                    HPOS="87"
                    VPOS="1005"
                    WIDTH="1530"
                    HEIGHT="106">
            <Shape><Polygon POINTS="90 1078 90 1101 361 1111 363 1111 474 1109 477 1109 479 1109 500 1093 508 1088 634 1090 897 1096 900 1096 902 1096 905 1096 923 1083 928 1080 931 1083 951 1096 954 1096 956 1096 959 1096 962 1096 964 1096 964 1093 977 1083 993 1093 995 1093 998 1093 1000 1093 1003 1093 1047 1080 1062 1078 1085 1080 1160 1090 1163 1090 1165 1090 1168 1090 1183 1078 1186 1078 1196 1078 1307 1088 1310 1088 1312 1088 1367 1075 1377 1072 1395 1072 1490 1083 1493 1083 1614 1067 1617 1049 1609 1005 87 1034 90 1078"/></Shape>
	    <String CONTENT="Religious Services. Services were held by Dr. Baeck and other Rabbis. I"
                    HPOS="87"
                    VPOS="1005"
                    WIDTH="1530"
                    HEIGHT="106"></String>
          </TextLine>

          
          
          <TextLine ID="eSc_line_56cd1251"
                    TAGREFS="LT3626"
                    BASELINE="554 1109 1689 1090" 
                    HPOS="552"
                    VPOS="1057"
                    WIDTH="1137"
                    HEIGHT="75">
            <Shape><Polygon POINTS="554 1109 554 1132 1686 1111 1689 1090 1681 1057 552 1075 554 1109"/></Shape>
	    <String CONTENT="venture to say that, in spite of the hardships we had to"
                    HPOS="552"
                    VPOS="1057"
                    WIDTH="1137"
                    HEIGHT="75"></String>
          </TextLine>

          
          
          <TextLine ID="eSc_line_b612242e"
                    TAGREFS="LT3626"
                    BASELINE="100 1152 1705 1134" 
                    HPOS="98"
                    VPOS="1093"
                    WIDTH="1607"
                    HEIGHT="75">
            <Shape><Polygon POINTS="100 1152 100 1165 1243 1168 1245 1168 1248 1168 1289 1155 1627 1163 1630 1163 1705 1147 1705 1134 1697 1093 98 1119 100 1152"/></Shape>
	    <String CONTENT="undergo in the ghetto, and the even more severe conditions which we in-"
                    HPOS="98"
                    VPOS="1093"
                    WIDTH="1607"
                    HEIGHT="75"></String>
          </TextLine>

          
          
          <TextLine ID="eSc_line_a6d665c2"
                    TAGREFS="LT3626"
                    BASELINE="103 1191 1630 1173" 
                    HPOS="100"
                    VPOS="1145"
                    WIDTH="1530"
                    HEIGHT="80">
            <Shape><Polygon POINTS="103 1191 103 1212 745 1219 748 1219 797 1212 843 1207 851 1212 858 1219 858 1222 861 1222 864 1222 866 1225 972 1225 972 1222 975 1222 977 1222 990 1212 1005 1204 1251 1212 1374 1217 1377 1217 1380 1217 1395 1212 1449 1199 1493 1212 1498 1214 1501 1214 1503 1214 1630 1212 1630 1173 1622 1145 100 1155 103 1191"/></Shape>
	    <String CONTENT="mates had experienced before, people had not become more deeply attached to"
                    HPOS="100"
                    VPOS="1145"
                    WIDTH="1530"
                    HEIGHT="80"></String>
          </TextLine>

          
          
          <TextLine ID="eSc_line_5b1a69a3"
                    TAGREFS="LT3626"
                    BASELINE="98 1235 874 1225" 
                    HPOS="95"
                    VPOS="1196"
                    WIDTH="779"
                    HEIGHT="83">
            <Shape><Polygon POINTS="98 1235 98 1261 270 1279 273 1279 276 1279 312 1266 330 1258 423 1258 448 1266 477 1276 479 1276 482 1276 593 1268 799 1253 817 1268 817 1271 820 1271 822 1271 825 1274 871 1274 874 1225 866 1196 95 1204 98 1235"/></Shape>
	    <String CONTENT="religion than they had generally been."
                    HPOS="95"
                    VPOS="1196"
                    WIDTH="779"
                    HEIGHT="83"></String>
          </TextLine>

          
          
          <TextLine ID="eSc_line_74c0e6b9"
                    TAGREFS="LT3626"
                    BASELINE="98 1317 1774 1287" 
                    HPOS="95"
                    VPOS="1248"
                    WIDTH="1679"
                    HEIGHT="108">
            <Shape><Polygon POINTS="98 1317 98 1346 108 1356 110 1356 113 1356 116 1356 376 1354 1075 1325 1573 1328 1576 1328 1661 1315 1663 1315 1666 1315 1738 1328 1741 1328 1743 1328 1774 1312 1774 1287 1766 1248 753 1271 722 1261 711 1258 709 1258 706 1258 688 1261 631 1274 477 1263 441 1263 438 1263 423 1266 358 1279 317 1266 312 1266 309 1266 306 1266 95 1268 98 1317"/></Shape>
	    <String CONTENT="Jewish Police and Jewish Court. Order was kept by the Community Guard (Gemeinde-"
                    HPOS="95"
                    VPOS="1248"
                    WIDTH="1679"
                    HEIGHT="108"></String>
          </TextLine>

          
          
          <TextLine ID="eSc_line_2b4a4842"
                    TAGREFS="LT3626"
                    BASELINE="791 1346 1725 1338" 
                    HPOS="789"
                    VPOS="1307"
                    WIDTH="936"
                    HEIGHT="57">
            <Shape><Polygon POINTS="791 1346 791 1364 1723 1361 1725 1338 1717 1307 789 1312 791 1346"/></Shape>
	    <String CONTENT="wache), formerly called &quot;Ghetto Wache&quot;, which,"
                    HPOS="789"
                    VPOS="1307"
                    WIDTH="936"
                    HEIGHT="57"></String>
          </TextLine>

          
          
          <TextLine ID="eSc_line_67c5c396"
                    TAGREFS="LT3626"
                    BASELINE="95 1385 987 1390 1723 1377" 
                    HPOS="95"
                    VPOS="1346"
                    WIDTH="1628"
                    HEIGHT="69">
            <Shape><Polygon POINTS="1047 1346 1021 1346 995 1346 969 1346 944 1346 918 1346 892 1346 866 1346 840 1346 815 1346 792 1367 95 1367 95 1385 95 1403 776 1415 779 1415 1723 1397 1723 1377 1717 1346 1101 1369 1073 1346"/></Shape>
	    <String CONTENT="like every other institution in the ghetto, consisted of Jews. There was also a"
                    HPOS="95"
                    VPOS="1346"
                    WIDTH="1628"
                    HEIGHT="69"></String>
          </TextLine>

          
          
          <TextLine ID="eSc_line_a3d656fa"
                    TAGREFS="LT3626"
                    BASELINE="105 1431 1741 1415" 
                    HPOS="103"
                    VPOS="1385"
                    WIDTH="1638"
                    HEIGHT="72">
            <Shape><Polygon POINTS="105 1431 105 1457 1738 1441 1741 1415 1733 1385 103 1400 105 1431"/></Shape>
	    <String CONTENT="Jewish Court before which marriages could be registered according to Jewish law."
                    HPOS="103"
                    VPOS="1385"
                    WIDTH="1638"
                    HEIGHT="72"></String>
          </TextLine>

          
          
          <TextLine ID="eSc_line_d3f242c6"
                    TAGREFS="LT3626"
                    BASELINE="105 1472 1728 1457" 
                    HPOS="103"
                    VPOS="1428"
                    WIDTH="1625"
                    HEIGHT="65">
            <Shape><Polygon POINTS="105 1472 105 1493 1728 1480 1728 1457 1720 1428 103 1436 105 1472"/></Shape>
	    <String CONTENT="In addition the Court acted in Penal cases e.g. thefts. It had to send its sen-"
                    HPOS="103"
                    VPOS="1428"
                    WIDTH="1625"
                    HEIGHT="65"></String>
          </TextLine>

          
          
          <TextLine ID="eSc_line_2c37e296"
                    TAGREFS="LT3626"
                    BASELINE="105 1511 1609 1501" 
                    HPOS="103"
                    VPOS="1472"
                    WIDTH="1506"
                    HEIGHT="60">
            <Shape><Polygon POINTS="105 1511 105 1532 1607 1521 1609 1501 1601 1472 103 1477 105 1511"/></Shape>
	    <String CONTENT="tences to the SS for confirmation. Prison sentences were executed in the"
                    HPOS="103"
                    VPOS="1472"
                    WIDTH="1506"
                    HEIGHT="60"></String>
          </TextLine>

          
          
          <TextLine ID="eSc_line_f57415d5"
                    TAGREFS="LT3626"
                    BASELINE="103 1552 1694 1534" 
                    HPOS="100"
                    VPOS="1501"
                    WIDTH="1594"
                    HEIGHT="72">
            <Shape><Polygon POINTS="1596 1503 1570 1503 1545 1503 1519 1503 1493 1503 1467 1503 1459 1503 100 1516 103 1552 103 1573 1694 1555 1694 1534 1686 1501 1596 1501 1596 1503"/></Shape>
	    <String CONTENT="Theresienstadt prison. Only in one case did the SS demand heavier punishment"
                    HPOS="100"
                    VPOS="1501"
                    WIDTH="1594"
                    HEIGHT="72"></String>
          </TextLine>

          
          
          <TextLine ID="eSc_line_3dac92f7"
                    TAGREFS="LT3626"
                    BASELINE="105 1593 1676 1583" 
                    HPOS="103"
                    VPOS="1552"
                    WIDTH="1573"
                    HEIGHT="67">
            <Shape><Polygon POINTS="105 1593 105 1619 1674 1601 1676 1583 1668 1552 103 1560 105 1593"/></Shape>
	    <String CONTENT="than the Court had pronounced. The SS. Sent the defendant who had committed"
                    HPOS="103"
                    VPOS="1552"
                    WIDTH="1573"
                    HEIGHT="67"></String>
          </TextLine>

          
          
          <TextLine ID="eSc_line_feada21c"
                    TAGREFS="LT3626"
                    BASELINE="100 1640 1467 1624" 
                    HPOS="98"
                    VPOS="1591"
                    WIDTH="1369"
                    HEIGHT="69">
            <Shape><Polygon POINTS="100 1640 100 1660 1467 1642 1467 1624 1459 1591 98 1596 100 1640"/></Shape>
	    <String CONTENT="theft of provisions to the concentration camp in the small fortress."
                    HPOS="98"
                    VPOS="1591"
                    WIDTH="1369"
                    HEIGHT="69"></String>
          </TextLine>

          
          
          <TextLine ID="eSc_line_28da23cf"
                    TAGREFS="LT3626"
                    BASELINE="198 1715 1715 1702" 
                    HPOS="196"
                    VPOS="1673"
                    WIDTH="1519"
                    HEIGHT="60">
            <Shape><Polygon POINTS="198 1715 198 1733 1715 1720 1715 1702 1710 1673 196 1673 198 1715"/></Shape>
	    <String CONTENT="Otherwise the SS. did not interfere with camp life, at least according to"
                    HPOS="196"
                    VPOS="1673"
                    WIDTH="1519"
                    HEIGHT="60"></String>
          </TextLine>

          
          
          <TextLine ID="eSc_line_5b3220f8"
                    TAGREFS="LT3626"
                    BASELINE="103 1753 1668 1746" 
                    HPOS="100"
                    VPOS="1709"
                    WIDTH="1568"
                    HEIGHT="68">
            <Shape><Polygon POINTS="103 1753 103 1774 1663 1777 1668 1746 1661 1709 100 1720 103 1753"/></Shape>
	    <String CONTENT="the experience of the ordinary inmate. We did not see any SS men apart from"
                    HPOS="100"
                    VPOS="1709"
                    WIDTH="1568"
                    HEIGHT="68"></String>
          </TextLine>

          
          
          <TextLine ID="eSc_line_240ef516"
                    TAGREFS="LT3626"
                    BASELINE="105 1797 1663 1784" 
                    HPOS="103"
                    VPOS="1756"
                    WIDTH="1560"
                    HEIGHT="62">
            <Shape><Polygon POINTS="105 1797 105 1818 1661 1807 1663 1784 1656 1756 103 1758 105 1797"/></Shape>
	    <String CONTENT="the Commandant who occasionally rode on horseback through the ghetto streets."
                    HPOS="103"
                    VPOS="1756"
                    WIDTH="1560"
                    HEIGHT="62"></String>
          </TextLine>

          
          
          <TextLine ID="eSc_line_c7ea9b50"
                    TAGREFS="LT3626"
                    BASELINE="103 1838 1674 1823" 
                    HPOS="100"
                    VPOS="1789"
                    WIDTH="1574"
                    HEIGHT="86">
            <Shape><Polygon POINTS="103 1838 103 1862 536 1875 539 1875 541 1875 544 1875 564 1862 582 1875 585 1875 588 1875 590 1875 593 1875 595 1875 595 1872 611 1859 619 1859 828 1872 830 1872 833 1872 835 1872 856 1857 858 1857 902 1869 905 1869 907 1869 1098 1857 1142 1869 1145 1869 1147 1869 1220 1867 1222 1867 1225 1867 1225 1864 1238 1854 1240 1851 1248 1854 1302 1867 1305 1867 1307 1867 1310 1867 1338 1854 1343 1851 1354 1851 1400 1862 1403 1862 1478 1851 1501 1849 1516 1851 1568 1864 1570 1864 1573 1864 1671 1849 1674 1823 1666 1789 100 1802 103 1838"/></Shape>
	    <String CONTENT="The camp administration, however, had to work under the daily threat of their"
                    HPOS="100"
                    VPOS="1789"
                    WIDTH="1574"
                    HEIGHT="86"></String>
          </TextLine>

          
          
          <TextLine ID="eSc_line_de2014f5"
                    TAGREFS="LT3626"
                    BASELINE="103 1875 417 1880" 
                    HPOS="100"
                    VPOS="1841"
                    WIDTH="317"
                    HEIGHT="72">
            <Shape><Polygon POINTS="103 1875 100 1908 412 1913 417 1880 415 1846 103 1841 103 1875"/></Shape>
	    <String CONTENT="SS supervisors."
                    HPOS="100"
                    VPOS="1841"
                    WIDTH="317"
                    HEIGHT="72"></String>
          </TextLine>

          
          
          <TextLine ID="eSc_line_32b61f84"
                    TAGREFS="LT3626"
                    BASELINE="98 1962 1681 1944" 
                    HPOS="95"
                    VPOS="1895"
                    WIDTH="1586"
                    HEIGHT="98">
            <Shape><Polygon POINTS="98 1962 98 1993 1679 1965 1681 1944 1674 1903 1163 1908 1160 1908 1127 1895 1124 1895 1122 1895 1119 1895 1116 1895 1098 1908 1093 1908 990 1898 987 1898 915 1911 907 1911 897 1911 763 1898 760 1898 309 1903 219 1918 216 1918 211 1918 141 1906 139 1906 136 1906 95 1918 98 1962"/></Shape>
	    <String CONTENT="Camp Currency. The official currency of the ghetto was the so-called Ghetto"
                    HPOS="95"
                    VPOS="1895"
                    WIDTH="1586"
                    HEIGHT="98"></String>
          </TextLine>

          
          
          <TextLine ID="eSc_line_6c56696e"
                    TAGREFS="LT3626"
                    BASELINE="453 1996 1735 1993" 
                    HPOS="451"
                    VPOS="1957"
                    WIDTH="1284"
                    HEIGHT="62">
            <Shape><Polygon POINTS="453 1996 453 2019 1733 2014 1735 1993 1728 1957 451 1962 453 1996"/></Shape>
	    <String CONTENT="Krone, a specially designed camp currency which the ghetto bank"
                    HPOS="451"
                    VPOS="1957"
                    WIDTH="1284"
                    HEIGHT="62"></String>
          </TextLine>

          
          
          <TextLine ID="eSc_line_6b4d4e19"
                    TAGREFS="LT3626"
                    BASELINE="108 2037 1689 2029" 
                    HPOS="105"
                    VPOS="1996"
                    WIDTH="1584"
                    HEIGHT="67">
            <Shape><Polygon POINTS="108 2037 108 2063 1686 2063 1689 2029 1681 1996 105 2001 108 2037"/></Shape>
	    <String CONTENT="circulated. Camp workers earned up to 100 Ghetto Crowns. x For this one could"
                    HPOS="105"
                    VPOS="1996"
                    WIDTH="1584"
                    HEIGHT="67"></String>
          </TextLine>

          
          
          <TextLine ID="eSc_line_81e9d84d"
                    TAGREFS="LT3626"
                    BASELINE="105 2081 1689 2071" 
                    HPOS="103"
                    VPOS="2042"
                    WIDTH="1586"
                    HEIGHT="60">
            <Shape><Polygon POINTS="105 2081 105 2102 1686 2094 1689 2071 1681 2042 103 2050 105 2081"/></Shape>
	    <String CONTENT="buy provisions such as mustard, carraway-seeds, a kind of Oxo, but also theatre"
                    HPOS="103"
                    VPOS="2042"
                    WIDTH="1586"
                    HEIGHT="60"></String>
          </TextLine>

          
          
          <TextLine ID="eSc_line_3008fb47"
                    TAGREFS="LT3626"
                    BASELINE="105 2122 1681 2114" 
                    HPOS="103"
                    VPOS="2083"
                    WIDTH="1578"
                    HEIGHT="60">
            <Shape><Polygon POINTS="105 2122 105 2140 1676 2143 1681 2114 1674 2083 103 2083 105 2122"/></Shape>
	    <String CONTENT="tickets and coupons on which the cafe sold lemonade and coffee. Old clothing,"
                    HPOS="103"
                    VPOS="2083"
                    WIDTH="1578"
                    HEIGHT="60"></String>
          </TextLine>

          
          
          <TextLine ID="eSc_line_81dc53f5"
                    TAGREFS="LT3626"
                    BASELINE="105 2163 1744 2154" 
                    HPOS="100"
                    VPOS="2117"
                    WIDTH="1643"
                    HEIGHT="64">
            <Shape><Polygon POINTS="103 2161 103 2181 1741 2174 1743 2153 1735 2117 100 2122 103 2161"/></Shape>
	    <String CONTENT="shoes and travelling cases left by the deportees or the deceased, were also sold"
                    HPOS="100"
                    VPOS="2117"
                    WIDTH="1643"
                    HEIGHT="64"></String>
          </TextLine>

          
          
          <TextLine ID="eSc_line_7bd814cf"
                    TAGREFS="LT3626"
                    BASELINE="103 2205 1656 2192" 
                    HPOS="100"
                    VPOS="2158"
                    WIDTH="1556"
                    HEIGHT="80">
            <Shape><Polygon POINTS="103 2205 103 2228 719 2238 722 2238 724 2238 758 2223 763 2223 779 2223 892 2236 895 2236 897 2236 944 2223 946 2223 962 2223 1318 2233 1320 2233 1385 2218 1392 2218 1653 2218 1656 2192 1648 2158 100 2171 103 2205"/></Shape>
	    <String CONTENT="for Ghetto Crowns provided one had the necessary points, which were issued."
                    HPOS="100"
                    VPOS="2158"
                    WIDTH="1556"
                    HEIGHT="80"></String>
          </TextLine>

          
          
          <TextLine ID="eSc_line_2b4dfa70"
                    TAGREFS="LT3626"
                    BASELINE="183 2282 1666 2272" 
                    HPOS="180"
                    VPOS="2228"
                    WIDTH="1486"
                    HEIGHT="75">
            <Shape><Polygon POINTS="183 2282 183 2303 1663 2292 1666 2272 1661 2236 549 2228 546 2228 544 2228 515 2241 291 2230 288 2230 180 2243 183 2282"/></Shape>
	    <String CONTENT="But things badly needed, such as additional food or cigarettes, were not"
                    HPOS="180"
                    VPOS="2228"
                    WIDTH="1486"
                    HEIGHT="75"></String>
          </TextLine>

          
          
          <TextLine ID="eSc_line_532a057d"
                    TAGREFS="LT3626"
                    BASELINE="105 2326 1741 2313" 
                    HPOS="103"
                    VPOS="2282"
                    WIDTH="1638"
                    HEIGHT="62">
            <Shape><Polygon POINTS="105 2326 105 2344 1738 2331 1741 2313 1733 2282 103 2290 105 2326"/></Shape>
	    <String CONTENT="available for camp money. For &quot;treasures&quot; like these one had to pay in Reichs-"
                    HPOS="103"
                    VPOS="2282"
                    WIDTH="1638"
                    HEIGHT="62"></String>
          </TextLine>

          
          
          <TextLine ID="eSc_line_0809d509"
                    TAGREFS="LT3626"
                    BASELINE="108 2362 1754 2354" 
                    HPOS="105"
                    VPOS="2318"
                    WIDTH="1649"
                    HEIGHT="67">
            <Shape><Polygon POINTS="108 2362 108 2385 1751 2385 1754 2354 1746 2318 105 2326 108 2362"/></Shape>
	    <String CONTENT="marks or Czech Crowns. On the Black Market, which, owing to the starvation diet"
                    HPOS="105"
                    VPOS="2318"
                    WIDTH="1649"
                    HEIGHT="67"></String>
          </TextLine>

          
          
          <TextLine ID="eSc_line_76cc436e"
                    TAGREFS="LT3626"
                    BASELINE="105 2403 1717 2396" 
                    HPOS="103"
                    VPOS="2365"
                    WIDTH="1614"
                    HEIGHT="59">
            <Shape><Polygon POINTS="105 2403 105 2424 1715 2419 1717 2396 1710 2365 103 2370 105 2403"/></Shape>
	    <String CONTENT="and the complete lack of tobacco, had developed of necessity as in every prison"
                    HPOS="103"
                    VPOS="2365"
                    WIDTH="1614"
                    HEIGHT="59"></String>
          </TextLine>

          
          
          <TextLine ID="eSc_line_89de6308"
                    TAGREFS="LT3626"
                    BASELINE="105 2445 1643 2434" 
                    HPOS="103"
                    VPOS="2403"
                    WIDTH="1540"
                    HEIGHT="60">
            <Shape><Polygon POINTS="105 2445 105 2463 1640 2460 1643 2434 1635 2403 103 2411 105 2445"/></Shape>
	    <String CONTENT="camp, one could buy a loaf for 15 Marks or a cigarette for 4.50 Marks (5/-)."
                    HPOS="103"
                    VPOS="2403"
                    WIDTH="1540"
                    HEIGHT="60"></String>
          </TextLine>

          
          
          <TextLine ID="eSc_line_258e513e"
                    TAGREFS="LT3626"
                    BASELINE="105 2483 1617 2476" 
                    HPOS="103"
                    VPOS="2447"
                    WIDTH="1514"
                    HEIGHT="57">
            <Shape><Polygon POINTS="105 2483 105 2504 1614 2496 1617 2476 1609 2447 103 2450 105 2483"/></Shape>
	    <String CONTENT="These cigarettes were smuggled into the camp by people working outside the"
                    HPOS="103"
                    VPOS="2447"
                    WIDTH="1514"
                    HEIGHT="57"></String>
          </TextLine>

          
          
          <TextLine ID="eSc_line_044ad2d6"
                    TAGREFS="LT3626"
                    BASELINE="105 2527 1684 2514" 
                    HPOS="103"
                    VPOS="2481"
                    WIDTH="1581"
                    HEIGHT="69">
            <Shape><Polygon POINTS="105 2527 105 2550 1681 2532 1684 2514 1676 2481 103 2486 105 2527"/></Shape>
	    <String CONTENT="ghetto walls, in some cases by SS men themselves, who made tremendous profits"
                    HPOS="103"
                    VPOS="2481"
                    WIDTH="1581"
                    HEIGHT="69"></String>
          </TextLine>

          
          
          <TextLine ID="eSc_line_e3c7f476"
                    TAGREFS="LT3626"
                    BASELINE="105 2566 1661 2558" 
                    HPOS="103"
                    VPOS="2527"
                    WIDTH="1558"
                    HEIGHT="67">
            <Shape><Polygon POINTS="105 2566 105 2594 1658 2579 1661 2558 1653 2527 103 2530 105 2566"/></Shape>
	    <String CONTENT="from this illegal traffic. On the other hand SS parties raided the camp in"
                    HPOS="103"
                    VPOS="2527"
                    WIDTH="1558"
                    HEIGHT="67"></String>
          </TextLine>

          
          
          <TextLine ID="eSc_line_e1779b6c"
                    TAGREFS="LT3626"
                    BASELINE="108 2610 1686 2599" 
                    HPOS="105"
                    VPOS="2561"
                    WIDTH="1581"
                    HEIGHT="67">
            <Shape><Polygon POINTS="108 2610 108 2628 1684 2617 1686 2599 1679 2561 105 2576 108 2610"/></Shape>
	    <String CONTENT="order to find out people possessing currency i.e. Reichsmarks or Czech Crowns,"
                    HPOS="105"
                    VPOS="2561"
                    WIDTH="1581"
                    HEIGHT="67"></String>
          </TextLine>

          
          
          <TextLine ID="eSc_line_c9716bf0"
                    TAGREFS="LT3626"
                    BASELINE="105 2648 1697 2641" 
                    HPOS="103"
                    VPOS="2602"
                    WIDTH="1594"
                    HEIGHT="64">
            <Shape><Polygon POINTS="105 2648 105 2666 1697 2666 1697 2641 1689 2602 103 2615 105 2648"/></Shape>
	    <String CONTENT="gold or jewellery. Anybody caught in possession of State currency was sent"
                    HPOS="103"
                    VPOS="2602"
                    WIDTH="1594"
                    HEIGHT="64"></String>
          </TextLine>

          
          
          <TextLine ID="eSc_line_2949a092"
                    TAGREFS="LT3626"
                    BASELINE="108 2687 1658 2677" 
                    HPOS="105"
                    VPOS="2648"
                    WIDTH="1553"
                    HEIGHT="65">
            <Shape><Polygon POINTS="108 2687 108 2713 1656 2705 1658 2677 1650 2648 105 2651 108 2687"/></Shape>
	    <String CONTENT="to the concentration camp in the small fortress from which nearly every week"
                    HPOS="105"
                    VPOS="2648"
                    WIDTH="1553"
                    HEIGHT="65"></String>
          </TextLine>

          
          
          <TextLine ID="eSc_line_b24b23f8"
                    TAGREFS="LT3626"
                    BASELINE="105 2726 1085 2721" 
                    HPOS="103"
                    VPOS="2690"
                    WIDTH="982"
                    HEIGHT="77">
            <Shape><Polygon POINTS="105 2726 105 2751 154 2767 157 2767 159 2767 162 2767 214 2754 255 2767 257 2767 260 2767 521 2754 570 2767 572 2767 575 2767 577 2767 580 2767 598 2751 611 2751 680 2751 693 2762 693 2764 696 2764 699 2764 701 2764 704 2764 735 2751 1062 2764 1065 2764 1067 2764 1070 2764 1085 2751 1085 2721 1078 2690 103 2692 105 2726"/></Shape>
	    <String CONTENT="transports went to the notorious Auschwitz camp."
                    HPOS="103"
                    VPOS="2690"
                    WIDTH="982"
                    HEIGHT="77"></String>
          </TextLine>

          
          
          <TextLine ID="eSc_line_b1ba78d3"
                    TAGREFS="LT3626"
                    BASELINE="103 2837 337 2831" 
                    HPOS="100"
                    VPOS="2798"
                    WIDTH="237"
                    HEIGHT="82">
            <Shape><Polygon POINTS="103 2837 103 2865 172 2880 175 2880 337 2870 337 2831 332 2798 100 2798 103 2837"/></Shape>
	    <String CONTENT="x A month"
                    HPOS="100"
                    VPOS="2798"
                    WIDTH="237"
                    HEIGHT="82"></String>
          </TextLine>

          
        </TextBlock>
        
      </PrintSpace>
    </Page>
  </Layout>
</alto>
