1869 3152
925 21 113 57 - 3 -

276 241 1387 79 Using only round figures it may be said that the

136 333 1509 82 process of citizenship revision has divided the Jews

141 430 1396 84 in this country into two categories, namely, (a)

139 520 1514 94 those, numbering about 800,000, who have established

141 625 1391 71 their status as Rumanian citizens and (b) those,

141 711 1483 90 numbering roughly 200,000, who have failed to prove

144 801 1580 94 such citizenship and so are classified as "foreigners".

141 900 1549 82 Both Goga, when he put into active operation the plan

141 992 1533 92 of revision of the Jews tentatively considered by the

141 1087 1601 81 Tatarescu Government, and the present regime, in carry-

141 1184 1628 79 ing it to completion, have stoutly reiterated the inten-

144 1281 1577 79 tion of proceeding on entirely juristic grounds to the

144 1381 1375 74 separation of those who are legally entitled to

141 1468 1612 76 Rumanian citizenship from those who are not, the former

147 1565 1574 92 being assured of all the rights and privileges normal-

144 1657 1493 81 ly attaching to such citizenship whereas the latter

147 1757 1467 84 would have no such rights and would be expected to

149 1854 1470 73 fit into some scheme of emigration. In the actual

149 1946 1546 79 working out of the process, however, the two categor-

152 2043 1467 76 ies might fairly accurately be styled "undesirable

152 2140 1493 82 citizens" and "undesirable aliens". Naturally, the

155 2235 1511 71 lot of the latter group will be much more difficult,

160 2329 1546 77 but it can not be anticipated that all of the citizen

157 2432 828 60 Jews will have an easy time.

302 2513 1461 74 In any case, the immediate problem is the (150,000

162 2613 1567 71 to) 200,000 Jews who ae now classified as foreigners.

165 2705 1575 74 It will be recalled that Rumania broached the question

170 2802 1486 74 of Jewish emigration before the League at Geneva on

1498 2986 134 76 May
