940 1180
469 24 44 29 -4-

122 116 760 34 2. It is necessary to care primarily for the immediate existence

119 144 692 27 of their life, and then for the emigration of these people.

121 181 748 31 3. The Council will approach the Governments of the great demo-

123 203 710 25 cracies for the sake of the Jews of the "Burgenland" who find

124 220 744 28 themselves in a particularly desperate situation with a view to

125 244 709 23 obtaining exceptional facilities for emigration, as this will

123 263 479 30 apply only to a limited number of people.

122 293 736 35 4. The Council will likewise support financially the privately

124 319 733 26 instituted Aid-Committee which has saved many people and cannot

123 341 771 24 carry on. I should like to submit proposals for the distribution

123 358 447 32 of such money given to this Committee.

122 391 726 30 5. The Council will take care that in regard to the financial

123 417 771 25 support and the organisations of the emigration, impartially will

123 435 769 29 reign, thus accordingly not to disregard distressed orthodox parts

123 456 760 25 of these Jews. In order to attain this aim, The Council will do

122 477 770 24 all in its power to secure this aid-Committee in a future creation

122 494 747 27 of a General Committee comprising all sections of the Jews, that

121 516 375 24 collaboration which it deserves.

122 550 794 31 6. For the necessities of the orthodox "Schiffschulgemeinde," which

122 572 748 27 has hitherto maintaineditself, care will be taken by the Council

121 593 537 28 within the framework of the General Committee.

214 648 680 27 We have agreed to use a password which will be told to the

122 668 770 30 Secretary of the Council for every member of the Committee dealing

116 690 731 22 with a visiting member of another Committee that is unknown to

124 707 723 27 this Aid-Committee as only then a full and free discussion of

125 727 744 30 these problems can be guaranteed in this atmosphere full of dis-

123 749 212 25 trust and anxiety.

213 779 659 32 I cannot close without saying that the state of the Jews

122 804 701 25 of Burgenland, robbed and driven out of their country, is so

123 824 701 32 terrible and unbearable that a solution must be found in the

122 845 270 35 shortest possible time.

441 877 194 34 Yours sincerely,
