1729 3081
66 177 1588 74 Mortality Rate. Finally the crematorium has to be mentioned, which had been

470 223 1156 64 built after the mortality rate had become very high. Be-

82 269 1503 57 fore 1944, at the time when the place was inhabited by up to 68,000, about

84 300 1552 69 130 people died daily. When I arrived in Feb. 1944 the death rate was about

79 351 1575 59 30 a day, and decreased later to 10. The reason was obvious. The old people

79 390 1583 61 had died or had been deported, the remaining ones had accustomed themselves to

79 428 1480 64 the meagre diet and were thus able to endure the hardships. It cannot be

79 469 1536 65 doubted that under-nourishment had been the chief cause of death of the many

82 516 1451 56 old Jews who found their grave in Theresienstadt. At the time when the

79 549 1529 69 settlement was started the dead were buried; afterwards they were cremated

74 598 1125 74 and the urns kept in a more or less honoured place. X

74 672 1572 59 Starvation Diet. The diet was absolutely insufficient. The SS allocated to

77 713 1520 59 the Jewish self-administration provisions calculated on the basis of an in-

77 759 1520 60 adequate daily ration. But even so, the self-administration had had to cut

79 793 1585 64 these meagre rations in order to be able to give priority to heavy workers and

77 837 1567 61 a special diet to children. It must be pointed out that the food allocation

77 878 1513 64 described below, though meagre enough, had been even worse before 1944. At

74 916 1462 69 that time many new inmates died not only from under-nourishment but from

66 957 658 80 dysentery or a similar disease.

159 1034 858 82 The rations available on food cards were:

69 1111 1523 70 In the morning half a loaf of bread for 3 days, black bread about 750 grms.

69 1160 1585 54 i.e. 250 grms. daily. Heavy workers received a loaf of 1,000 grms. for three

71 1199 1606 74 days. – Coffee substitute – 70 grms. sugar, 60 grms. margarine a week. Workers’

64 1242 1058 62 ration was – 100 grms. sugar and 80 grms. margarine.

59 1306 1536 83 Lunch: Soup consisting of water, salt and barely (0.30 liters) without any

69 1358 1523 66 nourishment value – 350 grms. potatoes and 0/25 litres of a sauce made from

66 1404 1562 64 powder sometimes with a little meat, or 0.30 to 0.40 litre vegetables, mostly

64 1437 1575 64 cabbage. Instead of potatoes occasionally dumplings were served. Sometimes

59 1478 1423 72 we had barley (0.40 litre). Very seldom the kitchen received lettuce.

61 1553 1544 82 Supper: For supper we had a thick barley soup four times a week, and twice

64 1611 737 80 a week a drink of coffee substitute.

53 1666 1252 90 Heavy Workers received 50% of the described diet in addition.

154 1758 1438 77 The food was well cooked and our cooks did everything to serve a tasty

64 1810 1521 61 meal. "Buchten" (yeast dumplings) served once a week with coffee and sugar

61 1846 1585 84 sauce were specially popular. Very occasionally the Red Cross supplied little

64 1887 470 79 cheeses or liver paste.

156 1956 1516 87 All in all, these rations provided nothing but a starvation diet. During

53 2002 1601 80 the first three months of my stay in Theresienstadt I was hardly able to sleep

77 2048 1559 67 at nights. I could think of nothing but food, I even dreamt of food when I

56 2087 1575 72 managed to fall asleep. At that time I was hungrier than later in Auschwitz,

59 2125 1577 67 or in the Gleiwitz camp. When working in the office of the administration I

56 2169 1655 85 could only concentrate my mind for the first two or three hours, and later failed

56 2210 1092 87 to do sums. Naturally everybody lost weight rapidly.

43 2441 1562 75 X A letter from a former member of a Jewish Women’s Organisation in Berlin,

51 2480 1528 79 who was released from Theresienstadt in February 1945, states that the urns

48 2526 1406 95 were removed by the SS one day. Nobody knows what happened to them.
