1849 3095
142 234 1428 70 trick was obvious. By this bait the SS wanted to entice our wives to

144 275 1462 80 join us without arousing any suspicion about the destination of the next

142 317 1469 69 women’s transport. Although they had the power to force everybody into

149 353 1516 77 a death train they employed diabolical methods like these to deceive people

144 397 1539 69 about their fate in order to avoid irritation and disturbances in the "model

144 441 1444 67 camp". Perhaps another commission might arrive in Theresienstadt and

144 477 1547 74 notice the change in the mental atmosphere of the inmates. The same method

147 515 1559 73 was employed on many occasions all over the eastern camps. That accounts for

149 562 1539 75 the numerous messages relatives received describing favourable conditions in

139 613 201 67 the east.

134 673 1425 93 The Hangman. After a journey of three days and two nights the train

451 722 1196 72 arrived at a railway siding on 29th September 1944. It was

139 760 1503 73 dark, about 9 p.m., but though we could not see the name of the station we

144 802 1542 80 guessed we were in the notorious Oswiecim (Auschwitz) camp. We were dragged

142 843 1515 72 out of the wagons by prisoners and not allowed to take our luggage with us.

144 887 1498 69 It was looted afterwards, and even the small rations we had were stolen by

142 936 431 67 the old camp inmates.

234 992 1460 83 We were formed into files and had to pass an SS officer – most probably

149 1052 1516 64 an SS doctor. He sat on a chair, three yards away from us, with legs out-

147 1085 1521 73 stretched in a half ro lting position, almost motionless. The only part of

142 1129 1448 70 his body which he moved was the thumb of his right hand. With this he

147 1170 1492 70 pointed either to the left or to the right as a man stood in front of him.

142 1214 1531 67 He did not utter a single word. We had been ordered to answer three ques-

142 1256 1469 61 tions: What age, what occupation, in what state of health. I answered:

142 1294 1342 67 27 – metal worker – fit. The SS officer thumbed me to the right.

237 1369 1377 70 After this sorting of human beings 1600 men found themselves on the

142 1415 1595 68 right, 900 on the left. Not everybody had declared himself fit. Was this not

144 1454 1544 65 after all a working detachment? The very word seemed to indicate that there

142 1495 1484 65 were different kinds of work to do, heavy for younger people, and lighter

142 1532 1515 67 work for elderly men. Thus some of the parded men may have explained that

142 1575 1585 65 they were suffering from complaints preventing them from doing too heavy work.

142 1619 1531 54 Others gave themselves away by their grey hair, though the whole detachment

142 1655 1572 62 consisted of men of military age. This latter fact explains why so "few" were

142 1694 1549 64 directed to the left. As I heard afterwards the usual percentage of people

142 1740 756 67 selected for annihilation was 85/90%.

232 1813 1405 69 While queuing in front of our hangman we saw flames arising from the

139 1854 1697 70 chimneys of several buildings, and were told by the old timers that these housed the

142 1906 702 59 central heating plants of the camp.

234 1967 1509 73 During the whole night we had to stand in a stable. Then we had to strip

144 2024 1606 62 and to give up everything, including our wedding rings, except our belts, spec-

142 2065 1510 60 tacles and shoes. We were next led into a bath-house where our heads were

142 2107 1443 67 shaved and we had to take a shower. We, i.e. the 1600 fortunate ones.

136 2166 1563 88 Extermination. The other party, the 900 doomed men, had undergone the same

493 2228 1201 62 procedure of waiting, stripping and giving up their belong-

147 2264 1531 70 ings. They too were led into a bath-house, but instead of steam and water,

147 2305 1513 62 poison gas was infiltrated into that chamber. All our 900 comrades, with

144 2341 1524 67 some of whom we had shared the times of anxiety and persecution in Holland,

147 2383 1570 64 and later the months of respite, hope and again anxiety in Theresienstadt, met

152 2429 1552 59 their end in the death chambers of Auschwitz on the morning of the 30th Sept.

144 2468 1552 57 1944. They had, as one of the Jewish camp doctors told me later, not known

144 2509 1020 70 up to the last moment, what was in store for them.

237 2579 1498 72 Before they entered the gate of death the fate of three of the doomed men

149 2630 1503 60 changed at the very last moment. Some SS men passing that batch of people

142 2661 1575 67 being led to the gas chambers picked out three men, maybe because they seemed

147 2705 1570 65 still fit for work. One of the three thus saved a few minutes before annihi-

147 2751 1521 60 lation was Spitz, a civil engineer of about 50. His brother, a Czech Jew,

144 2790 1601 80 who had been brought to Auschwitz at the same time, had to leave the camp with
