1778 3109
88 183 1531 47 the Auschwitz candidates for death, Belsen, Buchenwald and Dachau were con-

93 207 1475 70 sidered to be "gute K.Z.s" (good concentration camps); dreaded camps were,

93 256 1153 67 besides Auschwitz, Mauthausen and the forest camp Bielce.

189 316 1342 82 Most of our rations were embezzled by the" Capos" and block "elders"

93 365 1555 72 (overseers and prisoners themselves) who sold their loot in the Black Market.

98 411 1555 70 Black marketeering flourished in a camp where, owing to the daily presence of

101 448 1575 72 death – meanwhile we had learned the real meaning of the fires rising from the

103 492 1581 65 "central heating plant" – all normal moral restrictions had ceased. The Capos,

95 531 1600 72 mostly non-Jewish criminals, among them many homo-sexuals and brutes, sold gold

98 575 1630 70 fillings extracted from the teeth of the gassed victims, and especially valuables

93 611 1558 70 or currency, looted from the luggage of the new arrivals. The members of the

101 652 1552 73 so-called Canada detachment employed in searching the luggage and clothing of

98 696 1620 65 the newcomers, plundered them and enriched themselves grossly. A diamond brooch

93 738 1532 62 found in a jam jar, in which a deportee had tried to save his last treasure,

93 777 1521 65 fetched 40,000 Marks. That sum enabled the black marketeer who sold it to

90 826 817 65 buy food and tobacco for just one month.

93 893 1594 88 Gleiwitz. Registration only took place when prisoners were detailed for work.

342 937 1353 73 In exchange for their name they got a number which was tattooed on

95 984 1597 60 the arm. My number was B12749. The registers kept in the political department

69 1015 1631 78 of Auschwitz were burned when the Nazis retreated in Jan. 1945. I should like

93 1067 824 60 to point out that the deportees who were

1275 1062 396 62 were not registered.

93 1103 1547 78 at all. They were destroyed like vermin, nameless victims, leaving no trace

90 1145 249 67 behind them.

189 1222 1511 68 In the middle of Oct. 1944, after being clothed in prisoner's garments and

95 1264 1641 67 given wooden boots – usually leather shoes were stolen by the Capos – I was trans-

93 1308 1542 62 ferred to the work camp Gleiwitz III. It belonged to the Concentration Camp

90 1349 1542 60 Auschwitz III. We were housed in the yard of a foundry, "Oberhuette, Stahl-

90 1388 1566 60 & Presswerk", Gleiwitz von Krugstrasse I. There we got our food and were not

93 1422 1679 67 allowed to leave the yard, converted into a small concentration camp and surrounded

90 1466 1618 65 by electrified barbed wire. We, the new batch of 150 men, found there 450 old

93 1510 1627 65 prisoners. We were to assemble gun carriages, which should have been assembled

93 1551 1583 63 at the rate of four a day, but owing to the lack of tools, skilled labour and

98 1590 1628 62 sabotage which we tried to do wherever we could, it took us six weeks to assemble

93 1632 1625 59 the schemed production of two days. We worked under the supervision of a Polish

88 1668 1632 62 Chief Engineer, while the camp itself was run by the Lagerfuehrer SS. Oberschar F.

88 1712 1661 60 Spicker. In him I found for the first time in my numerous encounters with members

95 1753 1571 57 of the SS. a man free from any sadistic traits. Maybe that the death of his

90 1792 1522 63 son, who had been killed in action shortly before our arrival, had made him

93 1831 1563 60 realise the value of life. Anyway, none of the prisoners in Gleiwitz III was

93 1873 1560 62 ill-treated, and the twenty odd who died there succumbed to under-nourishment

90 1914 1563 60 or died from accidents and lack of medical attention. When we were evacuated

90 1953 1625 60 on 18 Jan. 1945 Spicker led our party for two days. We were marching from Glei-

90 1997 1506 57 witz to Cosel, but had to return to Gleiwitz for unknown reasons. We were

90 2028 1568 78 guarded by newly formed SS detachments, conscripted from members of the Wehr-

103 2080 1592 57 macht. Not a single man was shot whereas, as I learned later, hundreds of the

90 2119 1584 59 prisoners in the work detachment Gleiwitz I and II were shot down and died by

93 2160 1581 60 the roadside like hunted animals. I stress this fact purposely because I want

88 2202 1550 54 to emphasise that the whole responsibility for the murder of my poor fellow-

93 2241 1565 59 prisoners lies with the Commanding SS Officers. Where no orders to massacre

85 2282 1122 62 were given, as in the case of Spicker, no one was shot.

184 2362 1490 55 We were marched back to Blechhammer on our way to Gleiwitz III. On the

82 2399 1566 59 21 Jan. 1945 I noticed that some of the SS Guards of the camp had left their

93 2445 1547 60 posts, when I was pushed out of the gates by the crowd of fellow-prisoners.

93 2484 1542 55 Together with a fellow-prisoner, Dr. Eduard Zelderust, I ran away. For some

88 2520 1568 57 days and nights we remained in the forest near Blechhammer where we heard the

90 2570 1467 54 roar of the approaching battle. We were happy. There were machine-gun

90 2603 1529 55 bullets and shell-fire, but we did not feel frightened. Was this only due

88 2642 1568 60 to our lack of fighting experience? In part it might have been so because we

85 2684 1540 52 were surprised when we noticed that all civilians around us had disappeared.
