2091 3187
281 188 1618 93 impossibility of carrying out the order has lead to some

284 239 829 79 easing up on its enforcement.

273 377 1148 87 reside without permission of the police.

419 331 1337 96 3. Jews can not leave the towns in which they

268 515 1618 106 29, reads as follows: "Jews living in Sofia are subject

417 475 1474 98 4. The most oppressive article in the Law, article

271 568 1665 90 to deportation to the provinces or outside of the country.

268 613 1644 101 In any case by November 1, 1942, all Jews living in Sofia

265 658 1674 96 who are unemployed in accordance with the Law for National

263 706 1559 96 Defense, or in accordance with the present decree, and

263 756 1392 85 who have no other occupation, must be deported."

395 849 1549 96 We are reliably informed from Sofia that deportations

252 900 1567 87 under this article have already begun and that several

255 945 1450 93 thousand people are being rounded up for immediate

252 995 1602 93 deportation. The destination of these deportees is not

252 1049 186 58 known.

241 1136 1289 101 Restrictions on Jewish Business Enterprises.

382 1234 1461 88 1. Jews who are not allowed to engage in commerce

249 1282 1563 83 and industry can not invest their capital in any other

241 1327 1568 91 business enterprise. Jews are not allowed to open any

236 1381 704 69 new business enterprise.

377 1471 1352 101 2. Jews who have been allowed to retain their

236 1519 1049 79 occupational rights are not allowed:

512 1625 856 72 a. to hold more than one job.

515 1673 898 79 b. to enlarge their businesses.

515 1720 1041 85 c. to form new business connections.

510 1768 1325 91 d. to invest more than 500,000 leva ( 5952 at

682 1821 1180 77 84 leva equals one dollar) and this must

682 1869 1015 85 be invested in one enterprise only.

363 1954 1584 93 3. Jews are entirely debarred from working in certain

217 2005 1666 85 enterprises. Article 33 reads in part as follows: "Jews

217 2052 1568 91 are debarred from production of or, trade in medicines;

220 2100 1560 96 sanitary materials, optical instruments and chemicals,

217 2145 1565 93 and they can not own pharmacies, drug stores, clinics,

215 2193 1705 101 et cetera." Jews are also debarred from industries, mines,

217 2238 1719 107 trade in agricultural products, import and export, shipping

215 2289 1684 95 transport and commission agencies. Jewish small craftsmen

209 2337 1576 90 may continue to work if their working capital does not

209 2390 1629 82 exceed 200,000 leva ($2380.00 at 84 leva to one dollar).

353 2485 1525 83 4. Jews practicing professions henceforth closed to

207 2528 1161 85 them must liquidate by October 29, 1942.

350 2626 1523 88 5. Jews debarred from commerce and industry by this

204 2674 1546 82 act must deposit all their shares and holdings of any

215 2722 1512 82 sort in the National Bank within two weeks after the

209 2772 1603 90 law goes into effect. The proceeds will be turned over

209 2815 1541 93 to the "Fund Jewish Communities." Failure to conform

1610 2985 74 61 to
