825 1013
527 102 228 35 P. III. e. No. 44.

130 134 545 35 The Experiences of Mrs. Johanna FRAENKEL in FRANKFURT-AM-MAIN,

382 157 111 23 1939 - 1945.

130 179 244 27 (Reported, 15th April, 1955.

459 178 203 28 Report by Peter Zadek)

191 248 539 28 Mrs. Johanna Fraenkel was 38 years of age in 1939. She was a

132 266 569 29 gentile with some Jewish blood who had been married to a gentile.

134 283 587 26 This marriage had been dissolved and, in April 1939, Mrs Fraenkel

132 301 581 27 married Arnold Fraenkel, who had recently returned from Buchenwald

132 318 607 23 Concentration Camp. Arnold Fraenkel managed to get to England before

134 335 562 22 the outbreak of war, but Mrs Fraenkel was unable to get all the

131 353 151 25 necessary papers.

193 378 470 30 At the outbreak of war Mrs Fraenkel was thus left in

131 397 584 25 Frankfurt-am-Main, the (mainly) gentile wife of a Jew, living with

132 415 525 28 her 19 year old gentile daughter from her previous marriage.

192 445 459 23 Mrs Fraenkel had been employed by Voigt u. Heffner,

135 459 552 27 Aktiengesellschaft, Frankfurt-am-Main since 1928. She left the

135 477 580 25 company's employ before her marriage in April, preferring to leave

134 494 536 23 before being thrown out. On the occasion of her leaving, her

134 509 605 25 colleagues gave her a present. This was accompanied by a list of the

135 523 614 26 subscribers to the present, with their signatures. After it had been

135 541 554 27 presented, Mrs Fraenkel was visited by a representative of the

135 557 631 24 employees and asked to return the list. However, she had it photocopied

134 577 180 26 before returning it.

195 605 518 23 In 1940 Mrs Fraenkel obtained employment with Geb. Roever,

135 622 605 22 Aktiengesellschaft. This gentile firm employed many Jews in separate

135 637 597 24 and inferior departments to the gentile workers. They also received

135 654 594 23 smaller remuneration. Mrs Fraenkel, as "Mischling", was, at first,

135 666 604 30 allowed to work together with the gentiles. However, there was an SA

135 683 597 26 control. Mrs Fraenkel, who has presumably been denounced by one of

135 702 555 23 her colleagues, was asked by an SA man how much she earned. An

136 715 561 27 unpleasant scene ensued and Mrs Fraenkel was transferred to the

137 734 586 29 sewing department with the full-Jews, where she earned considerably

136 753 49 26 less.

196 776 528 28 When the regulation first came into existence, according to

136 798 585 23 which Jews were forced to wear a yellow star, Mrs Fraenkel made an

138 811 629 28 application through her lawyer to the Ministry of the Interior, in which

140 828 583 27 she maintained that she did not have to wear a star, in spite of her

137 846 614 22 re-marriage. She based this on a clause in the regulation which stated

138 861 647 25 that "Jews married to gentiles, whose children had a Christian upbringing,

138 877 571 24 need not wear the star, even if the marriage had been dissolved."

198 907 529 31 There was a time-lapse of three months while her application
