2174 3053
565 216 1494 84 I was living in Amsterdam when the Germans occupied Holland. My parents

465 287 1612 59 are German Jews who had settled in Holland many years before 1933. I attended

470 330 1584 66 a Dutch school, passed the Higher School Examination, and became a senior bank

463 368 1018 69 clerk later. I am 27 years of age and Stateless.

562 422 1471 97 Till May 1943 I was on the staff of the Joodsche Raad in Amsterdam as a

473 488 1545 61 voluntary social worker. Before the occupation I had taken part in the wel-

463 531 1339 77 fare work of the Committee Voor Byzondere Joodsche Belangen.

455 597 1505 95 From Westerbork to Theresienstadt. In May 1943 I was to be arrested and

1221 651 751 66 had to "go underground". I lived in

463 694 1527 59 the Hague till December 1943, when I was caught by the Gestapo. A certain

468 732 1596 66 Kaptein, an SS man in mufti and a member of the Dutch Gestapo, at "Windekind",

465 773 1487 58 Hague, questioned me for three hours, beat and ill-treated me so severely

465 814 1505 58 that when transported to the Dutch camp of Westerbork I had to be taken to

463 857 1489 53 the camp hospital. For seven weeks I was treated there for muscular in-

465 900 1510 54 flammation, a consequence of the ill-treatment. Conditions in Westerbork

460 938 1502 59 were known to me because I had often been sent there by the Joodsche Raad.

463 979 1588 59 I had seen many trains loaded with deportees, dispatched for the East. People

465 1022 1525 51 generally left Westerbork calmly, sometimes even singing, because they were

460 1050 1589 64 hoping to reach the place of their final settlement. Many preferred certainty

465 1099 1576 63 about their future destination, which they hoped to find in the eastern camps,

463 1142 1395 66 to the constant strain of suspense which hang over them in Westerbork.

557 1211 1395 71 Neither myself nor the 1800 people who were detailed for transfer to

463 1254 1578 66 Theresienstadt on the 25th Feb. 1944 were frightened when we heard about the

463 1300 1509 63 deportation order. The name Theresienstadt, the model camp of the Nazis,

465 1345 1502 59 did not imply horror. It was considered a special favour to be permitted

463 1384 1507 58 to live in Theresienstadt. Ex-Servicemen of the first World War, with the

465 1422 1469 56 Iron Cross, First Class, or the badge for wounded, descendants of mixed

465 1462 1528 59 marriages, but of Jewish religion, baptised Jews, those whose names were on

465 1503 1546 61 the so-called "Barneveld List" – some hundred Dutch Jews sho had rendered

463 1546 1525 59 special service to Holland – people who had made some outstanding contribu-

470 1579 1597 64 tion to German life, and some persons whom the Nazi authorities or the Command-

465 1623 1602 63 ant in Westerbork selected, - these were the favoured classes who were allowed

458 1658 504 77 to go to Theresienstadt.

549 1732 1507 66 We 1800, among us babies and old people, were loaded into ordinary trains

458 1786 1532 53 not into goods trains. We took this as a good sign, that the place of our

463 1821 1545 59 destination was really Theresienstadt and not one of the ominous camps. We

460 1864 1545 59 were allowed to take our luggage with us, and received jam, margarine and one

458 1905 1517 54 loaf of bread for three persons. The compartments were locked. Members

463 1941 1537 61 of the German Security Police (Gruene Polizei) accompanied the train which,

458 1981 1563 61 after a journey of three days and two nights, arrived in Theresienstadt. We

458 2025 1530 58 were received by SS officers and Czech police – we did not see any SS pri-

465 2065 1525 56 vates – and taken to barracks where we had to register. The officials who

460 2109 1484 53 took down our particulars were members of the Jewish Self-Administration.

460 2142 1530 63 Doctors belonging to the same body vaccinated us. We were searched by the

463 2190 1507 56 police, our luggage was examined, whereupon the SS officers and the police

463 2228 1509 56 disappeared. We were left to ourselves, Jews amongst Jews, herded into a

465 2271 1505 64 Ghetto of which we had only known from history books, as an institution of

460 2310 283 73 bygone times.

455 2381 1543 79 The Ghetto Theresienstadt (Terezin) is an old fortress town lying on both

735 2427 1232 63 sides of the River Eger, 61 kms. from Prague, at the frontier

460 2472 1551 54 of the former Protectorate and the Sudetenland. It had about 7,000 inhabi-

465 2511 1484 61 tants mostly Czechs, when it was established as a ghetto for the complete

463 2551 1583 87 isolation, first of the Czech Jews, and later for other European Jews as well.
