1971 3169
1033 79 111 63 - 2 -

377 290 1144 82 of Rumanianism, but under the mask of the

383 340 1220 77 borrowed language only expressed the natural

380 385 1192 77 ideas of the respective race, unfortunately

380 427 1276 80 dissolvent for our nation. The defunct regime

383 475 1218 76 of democracy was dominated by a Jewish press

380 522 1244 74 and we are today experiencing its last conse-

383 565 1196 82 quences with profound disillusionment. The

383 610 1218 89 regime of integral or totalitarian national-

380 660 1144 71 ism of the Party of the Nation and of the

380 702 1170 79 Government which I represent can be served

380 744 1310 82 only by a national press, the other co-habiting

380 789 1276 93 peoples continuing to have newspapers in their

383 839 1247 77 languages, harmonized with the superior prin-

383 887 1165 71 ciples and interests of the State, a thing

383 924 1342 95 which, to their credit, the Christian minorities

380 977 1141 74 of the country have done for a long time.

488 1064 1073 79 "Consequently, the Government makes it

380 1114 1155 74 known that Rumanian newspapers can not be

383 1156 1204 79 directed by Jews, and Jews are not in their

380 1204 1279 84 place on newspapers directed by Rumanians.....

491 1291 1073 74 "We know perfectly well that after the

380 1333 1258 87 great Rumanian misfortune which the old demo-

383 1389 1202 71 cratic policy won for us, the psychology of

391 1431 1196 79 the time imposes the bellowing of grief and

388 1478 1223 80 the red-hot iron of accusation. But, never-

388 1526 1152 74 theless, external circumstances, known to

388 1571 1207 79 everyone, forbid the settlement of internal

385 1610 1371 82 accounts in the superior interests of the State."

380 1737 1361 93 The foregoing is noteworthy mainly for its plain

245 1838 1496 89 speaking. The results has been the elimination of the

245 1938 1416 84 Jews from the Rumanian press. The French-language

245 2025 1472 85 newspaper LE MOMENT, whose Jewish founder-editor has

248 2117 1498 82 resigned, has been suspended for an indefinite period

250 2210 1467 82 for reasons of public order and two other democrati-

250 2302 1361 82 cally inclined newspapers, SEMNALUL and JURNALUL

258 2392 1520 82 (Newish controlled) have been suppressed. Of interest

256 2485 1387 89 in this same connection is the publication in the

256 2580 1390 68 MONITORUL OFICIAL of July 10th of the Law for the

261 2667 1522 76 Organization of the College of Doctors, which provides

266 2759 1432 77 that in order legally to practice medicine one must

266 2846 1549 82 be a member of the College and member ship is restricted

1505 2984 77 74 to
