934 1170
521 115 256 41 c/o 35, Lordship Park,

565 145 179 26 LONDON, N. 16.

565 174 222 46 9th May, 1938/.5698.

92 219 58 31 TO -

142 228 339 43 The Council for German Jewry,

174 259 156 32 Woburn House,

207 282 103 30 W. C. l.

93 332 122 35 Dear Sirs,

209 367 619 34 I am here in England as the authorised representative

94 390 780 32 of the Board of Deputies of the Jews of Burgenland and the Orthodox

93 413 745 30 Rabbis of Austria. I have been here for 10 days already, but

93 434 515 27 have unfortunately accomplished very little.

208 468 656 32 In the name of many thousands of suffering people, I beg

94 490 732 30 of you most urgently and desperately to support the

95 514 768 28 case of the privately instituted Aid Committee of the Orthodox Jewry in Vienna

94 532 697 32 and especially the desperate need of the Jews of Burgenland.

210 563 690 35 Soon after the German conquest of Vienna, where traditional

93 591 759 28 Jewry forms a large part of the total Jewish population, a Jewish

95 610 804 26 Aid-Committee has secretly been organised. The names of the gentle-

95 629 802 29 men belonging to this Committee have been made known to the Secretary

94 650 376 30 of the Council for German Jewry.

210 677 609 36 As the "kultusgemeinde" was closed and their leaders

95 705 803 28 taken into prison by order of the present authorities, this privately

96 727 768 28 instituted Aid Committee was the only organised body that could in

98 745 732 27 the moment of supreme danger take care of Jewry even beyond the

96 761 768 33 borders of the "Leopoldstadt." Nearly all who usually approached

97 786 744 30 the "kultusgemeinde" have availed themselves of the help of this

95 807 122 28 Committee.

209 838 680 29 We have, of course, to acknowledge with deep gratitude the

94 859 756 32 indispensable work of the free-meal service. On the other hand,

95 883 755 25 we must consider that a large part of the people now in distress,

94 901 747 25 were shortly before in the best conditions and were suddenly, by

93 921 774 22 brutally encroaching their existence and arresting the maintainers

96 940 754 27 of their families, reduced to beggary, thus being left penniless.

95 958 734 26 This category of unhappy people cannot overcome - even in their

95 975 771 34 greatest distress - a sense of shame, and are unable to join, with

95 998 794 27 the plate in their hands, in the queue which is standing and waiting

96 1017 776 28 outside for "free-meal." People with less power of religious con-

95 1038 525 31 viction and resistance mainly commit suicide.

208 1068 692 40 The Committee mentioned above has in consideration of these
