2488 3296
1099 68 176 50 - 4 -

456 288 1682 80 one of the Bulgarian National Bank and one of the Civilian

453 337 1674 75 Mobilization. Great power is invested in the Commissioner

456 390 1608 68 and there is no appeal from his decisions. The expenses

459 442 1575 66 of the Department of Jewish Affairs are paid by the so-

456 486 1633 68 called "Fund Jewish Communities." This fund is collected

453 532 1584 66 from several sources: first, by a general tax of 20 to

453 585 1523 63 25 per cent of Jewish property in accordance with the

453 634 1476 60 Law of January 23, 1941; second, by a tax on Jewish

448 670 1567 74 bank accounts beginning with 5 per cent on accounts of

448 725 1536 63 100,000 leva and rising to 12 per cent on accounts of

450 774 1422 66 one million leva or more; the incomes from Jewish

450 815 1504 74 synagogues, schools and other Jewish institutions or

453 867 1526 64 organizations. This fund is used to pay the expenses

450 917 1507 66 of Jewish communities, to help poor Jews, to provide

448 958 1531 72 for the settlement of Jews in villages and camps, and

453 1010 1498 66 to pay the salaries of members of the Council and of

453 1057 1619 80 the employees of the Department of Jewish Affairs. Each

448 1104 1503 71 Jewish community will have its own Jewish council of

448 1156 1503 66 four to six members appointed by the Commissioner to

448 1203 1457 65 handle its affairs including the control of Jewish

448 1249 1479 66 schools, synagogues and other institutions and also

450 1296 1504 71 to prepare for the deportation of Jews in accordance

448 1356 1017 55 with Article 29 of the present law.

442 1439 1059 85 Definition of Term "Jewish Descent."

582 1538 1004 66 All persons are of Jewish descent:

591 1628 1514 72 1. Whose parents or grandparents are or were of the

437 1686 483 63 Jewish religion;

591 1774 1550 66 2. In case one of the parents or either two or three

439 1826 1394 69 of the grandparents were of the Jewish religion;

588 1917 1578 68 3. In case one grandparent was of the Jewish religion

445 1969 1630 66 and one other converted to the Jewish religion. Further

448 2016 1690 65 details regarding descent may be found in Article 8 of the

442 2060 1691 79 Law. Article 9 states "Whatever his citizenship or origin

448 2114 1600 64 every person is considered of Jewish descent who was of

450 2158 1600 72 the Jewish religion or had been converted to the Jewish

448 2208 1009 68 religion before September 1, 1942."

591 2298 1490 75 4. Children born from the marriage of a Jew who is

448 2351 1627 71 a Bulgarian citizen with a Bulgarian are not regarded as

450 2403 1532 69 Jewish if the marriage took place before September 1,

450 2447 1705 71 1940, and was celebrated according to the Christian ritual,

450 2496 1540 69 or if the Jewish parent had become a Christian before

448 2554 503 63 January 23, 1941.

448 2650 893 74 Restrictions Enforced on Jews.

591 2730 1495 71 1. All Jews must make declaration of origin. This

453 2782 1655 71 includes Jews who are Bulgarian citizens and Jews holding

459 2842 582 61 foreign citizenship.

599 2919 1460 74 2. All persons of Jewish descent must have Jewish

456 2971 1542 72 names. They are not allowed Bulgarian given names or

1709 3109 212 79 family
