2141 3271
970 43 170 57 - 2 -

447 272 1437 82 To avoid complete confiscation of their property,

297 324 1516 65 some Jewish citizens of Rumania have naturally been

300 373 1565 63 seeking to find means to evade the stringent property

302 430 1560 66 and title laws of the Rumanian Government. UNIVERSUL

294 471 1514 68 of December 20, 1942, states on this subject that a

300 520 1598 66 special commission of the Rumanian Government inquired

294 566 1563 71 into two cases of "camouflage ownership by Rumanians"

294 616 1574 65 of Jewish property and in one case the title transfer

291 670 1639 60 of a house by one man to his step-daughter was annulled

294 716 1484 63 and in a second decision some stock transfers were

289 763 226 62 voided.

280 864 920 76 Jewish Rationing Restrictions:

428 956 1472 77 Recent arrivals from Rumania state that it is the

283 1008 1699 65 accepted rule to have Jews receive less favorable amounts

283 1063 1612 62 of food under the rationing program than that accorded

286 1106 1634 74 other Rumanians. Jews, for example, only receive bread

283 1155 1579 71 twice a week. Confirmation is fiven to the UNIVERSUL

283 1204 1552 63 report of December 24, 1942, that a Government order

280 1256 1558 60 forbade Jews to secure necessary food from shops and

280 1302 1642 66 markets before 11:00 o'clock in the morning, regargless

280 1354 1675 60 of the fact of the purchases being made directly or by third

280 1403 1648 60 parties. The announced penalty for violating the order

280 1455 1730 57 is to be a term of service in a labor camp. This office's

280 1499 1702 62 informants state that Jews find it difficult consequently

280 1550 1585 69 to buy any foodstuffs after the rest of the Rumanians

275 1597 1590 63 have made their morning purchase, in view of limited

278 1646 1710 65 food quantities available under a war time food rationing

275 1695 453 65 administration.

417 1788 1448 76 Within the Ploesti district Jews are reported as

275 1837 1664 73 being forbidden to buy foodtsuffs directly from farmers.

275 1889 1585 65 According to NEUE ORDNUNG of December 13, 1942, those

275 1940 1617 60 doing so would be deported to ghettos in Transnistria,

272 1995 1620 54 styled "The Poland of Rumania" or sent to labor camps.

270 2090 621 79 Jewish Forced Labor:

417 2183 1437 65 Reports are common of Jewish forced labor by the

267 2229 1533 68 Rumanian Government and of labor camps for Jews for

272 2289 1560 57 minor offences. One recent instance of forced labor

275 2341 1481 55 is given by the Rumanian radio on January 6, 1943,

272 2379 1588 63 when it announced that all Jews in Bucharest would be

275 2439 1615 57 required to appear in previously organized detachments

278 2485 1633 63 to remove snow from the roads. The rule applied to all

275 2529 1642 71 Jews over the age of sixteen. Jews previously exempted

272 2575 1492 71 from forced labor, stated the radio, of which road

275 2627 1617 74 clearance is one type, were to pay a head tax of 3,500

272 2676 142 60 Lei.

272 2772 734 79 Anti-Semitic Propaganda:

420 2864 1412 74 The question of the Jews in Romania and the war

278 2924 1541 66 against Soviet Russia are linked together, as in all

280 2971 1520 60 Axis States. This attitude is claimed by competent

1440 3112 308 74 observers
