1792 3095
116 136 1355 116 Relations between the inmates were better than in Westerberk or in

20 214 1622 80 Auschwitz. People were not as nervous as they were in the more notorious camps.

15 252 1632 83 In a concentration camp everyone considers his neighbour an enemy who might jeo-

23 296 1619 88 pardise one's own chance of survival. In Theresienstadt your neighbour was not

23 337 1583 78 exactly your friend, but at least a neutral person. I have only noticed some

20 373 1648 98 tension and state of irritation arising in the relations of married couples owing

15 422 380 62 to the separation.

10 500 1585 95 Humanity True to Nazi Pattern. Such was life in the show camp the Nazis had

681 551 945 75 deliberately organised to provide an alibi for

15 588 1552 69 themselves. Was it not an example of humanity to set up a kindergarten, to

23 624 1162 82 permit Jews to go to a cafe or to listen to a music band?

105 696 1467 88 Humane indeed, if you call it humane to deprive decent, innocent people

15 747 1565 83 arbitrarily of their freedom, to strip them of everything but the clothes they

18 786 1546 72 had on, to feed them on a diet which enables only the strong to survive,

15 827 1606 88 to isolate ordinary people and some who had won world fame, completely from the

23 871 1268 75 outer world, behind guarded ghetto walls, sealed off from life.

105 941 1464 80 All the time I could not help imagining that we were interred in a mass

10 995 1590 75 grave in which people were dancing. People danced, attended theatres or con-

15 1036 1616 70 certs in order to escape the constant nightmare haunting the minds of all of us:

18 1075 1582 75 the threat of further deportation to the East. Parents hoping to survive the

15 1111 1622 77 Nazi way against the Jews together with their children were separated from each

15 1158 1624 64 other. Old brothers and sisters who had been reunited in the ghetto had had to

15 1199 1622 62 part again. A sister who was "only" 64 years of age had had to go first, leav-

18 1238 1508 69 ing her brothers or sisters behind her, who were fortunate enough to be in

20 1274 1562 72 their seventies. But even very old age was no protection against the fate of

12 1317 1625 70 being selected for the next transport, for the train, destination unknown. Thus

20 1359 1431 72 was the humanity administered in the model camp true to Nazi character.

103 1439 1593 77 There was of course a difference between Theresienstadt and the Eastern camps.

10 1480 1606 75 In Theresienstadt those at least who were permitted to stay there, were allowed

12 1519 1583 77 to die slowly. In the East the death sentence never expressly pronounced was

18 1568 710 59 carried out immediately on arrival.

5 1642 1601 88 Transports to the East. Work detachments had left Theresienstadt before my

557 1691 1043 57 arrival and continued to leave the ghetto from time to time.

15 1725 1603 64 They did not go to the East, but were sent to Germany to build bar-

12 1766 1583 70 racks and huts for the SS e.g. in Zossen. Only skilled workers, young men in

7 1815 1586 60 good health, were detailed for this kind of work. They still belonged to the

12 1849 1586 67 so-called "Arbeitskommando Theresienstadt" (Work Detachment), and were brought

15 1887 829 70 back to the ghetto when sick or disabled.

95 1965 1490 67 But on the 11th May 1944 a different kind of transport was ordered. The

18 2006 1593 72 "Hamburger" barracks were cleared and there the people selected for this trans-

10 2050 1572 70 port had to assemble. The Jewish self-administration had the heart-breaking

7 2091 1508 67 task of choosing the victims according to general orders of the SS. Some

10 2132 1606 62 deportees were named by special instructions from the SS. On the 18th May 1944

10 2174 1603 67 7,000 men, women and children left Theresienstadt for Auschwitz, transported in

12 2212 1612 65 good wagons, and under the guard of SS and Security Police. Goods wagons and

7 2259 1562 62 SS ........ these were evil forebodings. In September 1944 I met one person,

5 2292 1317 70 who had left with that transport, in Auschwitz, just one ........

100 2380 1513 65 In spite of the uncertainty, or rather the certainty of their future fate,

12 2424 1374 67 men, women, children and sick people left Theresienstadt composedly.

98 2491 1487 72 On the 20th September 1944 a second transport was announced, this time a

5 2543 1663 56 work detachment for Germany. Neither sick people nor women were selected, only

10 2586 1585 60 able-bodied men of military age. It first seemed as if there were some truth

5 2620 1608 64 in the alleged purpose of that transport, work in Germany. When I, who had to

7 2666 1568 62 join this party of 2,500 men, saw goods wagons I did not feel at ease. On the

5 2702 1585 68 26th September 1944 the train left Theresienstadt. Near Dresden the SS guards

10 2749 1570 59 asked us to write a post card to our wives. We were to tell them that we had

5 2780 1590 67 arrived at our destination, that food and accommodation were good and work not

2 2824 1609 80 too heavy. We were to invite our wives to follow us as soon as possible. This
