2351 3218
407 951 153 62 SIR:

558 1045 1476 65 I have the honor to report below various measures

413 1096 1527 75 taken by the Rumanian Government against the Jewish

415 1155 1517 57 population of its territories within recent months.

415 1198 1589 59 It seems that anti-semitic measures are becoming more

410 1246 1474 62 stringent in administration and that anti-semitic

415 1300 1469 67 propaganda increases in direct proportion to news

410 1346 1514 59 of Russian successes upon the eastern front. This

410 1397 1385 67 activity is reported to be encouraged by those

410 1440 1535 61 Romanians who have benefited from the confiscations

410 1493 1535 59 of Jewish property and their forced retirement from

407 1541 631 62 Romanian public life.

402 1638 620 80 Jewish Registration:

550 1729 1572 70 The MONITOR OFFICIAL of December 23, 1942, according

407 1791 1699 62 to UNIVERSUL of December 24, published an order requiring

405 1834 1707 61 all Rumanian natives of Jewish parentage, who previously

407 1887 1782 65 had been registered in the Jewish Central Office of Rumania,

407 1936 1793 61 to report to that Office of any of its country-wide district

407 1984 1766 62 branches, in the event any changers had taken place in their

410 2038 1737 56 family or employment status since the last census day, May

410 2086 1680 59 20, 1942. All changes were to be reported within thirty

405 2134 161 75 days.

399 2228 685 78 Property Confiscation:

550 2311 1607 86 The DEUTSCHE ZEITUNG IN KROATIEN of December 19, 1942,

407 2381 1831 61 states that under the land nationalization program of Rumania

405 2429 1626 62 proceeding in Bucovina there have been 18,542 hectares

415 2475 1640 72 (1 hectare. 10,000 sq. m.) of farm properties recently

410 2526 1710 59 confiscated by the State. Of this total, 16,624 hectares

413 2574 1696 59 formerly belonged to Jewish owners. In the same district

407 2619 1718 62 with a total of 34,292 hectares of forest properties that

407 2673 1664 59 were confiscated, 32,414 hectares were said formerly to

410 2716 1592 64 have belonged to Jews. In the rural districts 11,759

410 2772 1589 59 dwellings have been expropriated, of which 8,590 have

410 2818 628 64 been taken from Jews.

1731 2952 91 78 To
