1926 3219
991 34 102 54 - 2 -

314 265 1246 75 influences may be brought to bear to change

316 311 1236 67 this situation depends on future uncertain-

322 359 1174 64 ties, probably more than anything else on

322 407 1230 65 the extent and nature of German penetration

314 453 1233 59 and influence, or, conceivably, a revivifi-

311 501 983 56 cation of the Iron Guard movement.

303 635 1402 73 I now have the honor in the following paragraphs

158 732 1510 64 to review the developments of the past few months in

158 831 1593 73 order to summarize the situation of the Jews in Rumania

161 928 674 56 as of the present date.

298 1201 1421 75 A "revivication of the Iron Guard movement" did

150 1298 1571 67 not eventuate; rather, the legionary leaders have been

150 1392 1622 69 shot and the movement’s strength, both actual and poten-

147 1483 1604 78 tial, is greatly diminished. But the Nazi shadow still

147 1579 1631 78 looms large. Whether the German threat is a controlling

145 1679 1488 75 or only a contributory factor, the fact is that the

142 1773 1577 80 plight of the Jews in this country has grown worse and

142 1867 1002 75 their fears are greatly increased.

284 1955 1464 78 The Government can scarcely be called, as compared

142 2052 1569 85 with the Goga Government a year ago, strongly anti-

142 2151 1550 75 Semitic, but it ‘recognizes the existence of a Jewish

142 2245 1598 86 problem’ and many are constrained to feel that although

142 2341 1453 73 the Goga and Cuza program was openly and violently

142 2435 1424 67 anti-Jewish the actual effect of the measures and

131 2526 1563 78 methods employed by the present regime is more severe.

142 2620 1590 75 It is true that there is no out-and-out pogrom and that

139 2714 1585 78 Governmental regulation of the Jews is, on the surface,

139 2811 1590 72 relatively slight, but pressure, obstacles, discrimina-

142 2902 1504 80 tions ---- all of these forms of persecution are becoming

142 2996 728 70 noticeably more numerous.

1439 3146 175 70 Using
