918 1172
443 43 42 29 - 2 -

107 127 749 35 facts approached these families and brought them life-saving aid

112 158 694 23 into their homes. These facts are known to every impartial

108 174 735 29 Jew acquainted with the local conditions and can be verified by

108 198 789 24 examination of the details which will be submitted here if required.

196 227 674 35 For the Pesach holidays alone, this Committee distributed

107 255 705 24 more than 25,000 Austrian shillings; more than half of this

109 272 748 26 amount was being raised in Vienna itself within the small circle

107 293 757 26 of members of the Committee; the rest came from Czecho-Slovakia.

109 311 769 27 But the total sum which was given to this Committee and taken from

108 331 747 28 the general assistance funds of the "kultusgemeinde" amounted to

107 351 232 32 only 300 shillings.

199 385 658 33 However, the Committee, by approaching persons with whom

107 409 713 26 it is intimately acquainted, has raised on the whole a sum of

107 429 760 28 50,000 Austrian shillings. It has also succeeded in intervening

106 450 749 24 between the Authorities in numerous cases without having had the

106 471 482 31 least material aid from official circles.

198 501 661 32 A written account of these proceedings cannot - as it is

106 526 761 24 evident - be given, but the members of the Committee can be abso-

104 545 770 30 lutely trusted, as every local examination of the facts will prove.

198 580 682 29 In addition to this, we have to face the tragic problem of

104 605 764 32 The Burgenland Refugees, the full burden of which falls upon the

109 626 119 25 Committee.

197 652 670 37 The Jews of the Burgenland, mostly families settled there

106 683 747 26 since centuries and distinguished by their conservative conduct,

107 702 759 26 numbering about 3,000, were - as is sufficiently known - by means

108 719 781 31 of tortures unheard of, compelled to charge themselves in a written

109 741 757 26 statement with the commitment of different crimes. On the ground

108 760 735 25 of these extorted protocols, their property was confiscated and

107 780 514 32 they themselves driven out of the country.

200 809 625 33 One part of these Jews was deprived of all means, and

105 837 728 25 driven to different frontiers - Czecho-Slovakia, Hungary and

107 856 751 24 Jugo-Slavia. Among them, hunted in herds, the oldest victim was

106 876 762 27 83 years, the youngest 3 weeks old. Among them were families who

105 897 740 29 once possessed more than £100.000, and have to-day not a single

103 914 138 30 penny left.

196 946 638 36 In Czecho-Slovakia alone, there are more than fifty of

106 971 751 28 these people driven out and now hidden in different families, as

108 994 722 24 they are there illegally without knowledge of the Authorities.

107 1009 760 33 Should the Authorities be informed of this state of affairs, they

106 1033 748 29 will be brought back to the Austrian frontier and the tragedy of

105 1053 343 33 persecution will start again.
