1952 3073
814 10 162 51 - 8 -

171 209 1501 75 by a Christian ceremony before September 1, 1940, to

174 263 1462 67 Bulgarian citizens and who had been baptized before

171 309 1494 70 January 23, 1941, are exempted from the restrictions

169 368 361 57 of this law.

169 460 819 75 Futher Comment on this Law.

307 545 1406 67 Reports received from Sofia on November 13, 1942,

171 594 1483 69 indicate that this law is being rigorously enforced.

169 642 1449 67 Previous reports that there was some lenity in the

171 686 1529 74 enforcement of the law applied only to a small number

169 734 1498 72 of Christian Jews with regard to wearing the Star of

169 783 1447 67 David. Also some postponement was found necessary

171 832 1473 66 due to the physical impossibility of moving so many

169 880 1465 64 Jews into the ghetto or deporting them at one time.

169 927 1478 69 A prominent Jewish surgeon arrived in Istanbul from

166 970 1447 74 Sofia on November 12 after having been deprived of

166 1021 1509 69 his right to practice his profession. He owned and

169 1070 1455 69 operated a hospital and clinic, which is forbidden

171 1116 1532 69 to Jews in accordance with Article 33 of the Law. All

169 1165 1511 69 his property was taken away from him. Actually this

166 1213 1483 67 man is a Catholic and has been such for thirty-five

166 1262 1458 67 years. He declared that the reason for his severe

171 1306 1476 74 treatment is the jealousy of Bulgarian surgeons and

169 1357 1508 71 doctors who take this means of ridding themselves of

166 1416 361 61 competition.

307 1503 1347 64 As has already been mentioned several thousand

166 1549 1460 69 Jews are now in the process of being deported from

169 1595 1485 82 Sofia. Where they will be sent is not known. They

169 1646 1519 72 are supposed to be deported to towns and villages in

174 1692 1452 72 Bulgaria but some high placed persons believe many

171 1741 1517 69 of them will be deported to Poland. Some think they

169 1787 1539 72 will be put in concentration camps inside of Bulgaria

174 1838 1647 69 where many will eventually die of disease and starvation.

176 1887 1555 74 Others, including the surgeon referred to above, think

179 1930 1529 67 that a large proportion of them will be shot, as they

174 1984 1539 67 have been in Belgrade and other cities. In any case,

176 2030 1455 67 the content of the law, together with the severity

174 2074 1550 74 with which it is being enforced show that its purpose

176 2122 1571 82 is the complete destruction of the Jewish community in

171 2184 195 61 Sofia.

955 2271 556 59 Respectfully yours,

184 2371 305 74 Enclosure:

281 2412 620 64 Law of August 29, 1942

181 2517 116 72 891

978 2514 518 51 Samuel W. Honaker

179 2606 205 67 FHB/sn

901 2553 676 64 American Consul General

181 2704 746 71 To Department in original

274 2763 443 59 and hectograph.
