1898 3197
983 10 112 61 - 9 -

178 242 1560 80 In this office there are some 15,000 visa applications

181 335 1538 64 for emigration to the United States, ninety-eight per

181 428 1506 72 cent of which have been made by Jews. The Brazilian

178 524 1536 64 and Argentine Legations also report great pressure, as

178 618 1426 61 does the British Consulate which issues visas for

173 708 1567 72 Palestine. As a class these Jews are usually Rumanian

173 804 1487 69 born, hard-working, have a small capital which they

173 900 1597 77 clandestinely transfer abroad, and in the case of those

167 993 1541 75 wishing to go to the United States usually have rela-

170 1086 1565 80 tives there prepared to assist them. They are nomadic

167 1182 1483 67 by nature and even without political persecution or

165 1276 1514 72 discrimination tend to migrate where they can better

165 1372 1519 69 their material situation. Even before the disturbed

162 1467 1405 67 political situation in Central Europe this class

159 1561 1491 82 formed the largest percentage of those applying for

159 1654 1520 83 visas in this office. (In this connection it should

157 1750 1583 80 be said that the Rumanian Government facilitates their

159 1846 1611 85 emigration in every way except in the transfer of funds,

154 1939 1581 75 while obstructing the emigratio of ethnic Rumanians.)

154 2032 1466 80 The upper middle class and the rich Jews have been

149 2136 1578 83 molested very little. There is discrimination against

151 2227 1587 85 them in the higher Governmental and military positions,

154 2323 1544 82 but as a rule they devote themselves to economics and

151 2419 1493 71 finance and at present occupy such a large place in

151 2514 1488 75 the economic structure of the country that they can

151 2608 1459 80 not be too suddenly or violently disturbed without

151 2701 1483 75 serious consequences. It is these Jews who will be

151 2794 1509 93 called upon to contribute funds for the migration of

151 2890 880 72 their less fortunate brethren.

1426 3041 178 78 There
