1894 3148
966 39 148 73 - 10 -

341 264 1337 77 There is always, of course, as I have reported

194 369 1537 71 elsewhere, a good possibility that the Patriarch will

199 461 1529 71 not continue indefinitely as Premier, and a change of

197 553 1555 66 Government might bring a modification to the treatment

194 647 1513 77 of the Jews. The Romanians are not, on the whole, a

194 739 1545 79 harsh or vindictive people; they are, rather, tolerant

191 836 1532 71 and easy-going. I feel, therefore, that although the

189 933 1473 71 program of getting rid of what are termed the "sur-

186 1028 1413 76 plus" Jews will probably in any case be retained,

186 1117 1534 81 there is not much likelihood of such a degree of vio-

183 1214 1485 68 lence or severity being employed as would call down

183 1314 1508 65 strong criticism or general protest from the outside

181 1403 197 63 world.

525 1550 567 68 Respectfully yours,

803 1878 654 68 Franklin Mott Gunther.

401 2862 1253 70 Copies to London, Berlin, Jerusalem. Warsaw.
