2007 3162
234 166 1543 71 answer to the problem of emigration, but all conversa-

234 263 1411 63 tions and negotiations have been brought up short

232 353 1558 79 before the as yet unanswered questions as to where the

232 447 1492 66 Jews can go and how the undertaking can be financed.

361 540 1485 66 Mr. Constantine Brown, Washington journalist (STAR)

226 632 1506 68 who recently spent some days in Bucharest and inter-

229 732 1527 58 viewed various high officials, confided to me that he

226 824 1559 63 had been told that, should the hopes of an arrangement

226 919 1506 61 under the Intergovernmental Refugee Committee or the

224 1009 1561 68 League of Nations be realized, the Rumanian Government

224 1109 1566 60 had reason to believe that Russia would be prepared to

224 1204 1587 60 receive the surplus Jewish population of this country.

224 1299 1611 63 But he was told of no solution of the financial problem.

221 1391 1617 66 I have received no information which would confirm this.

221 1488 1577 61 As indicated in the telegram cited above, the Rumanian

224 1588 1545 58 Government is much chagrined at the continued refusal

221 1681 1630 58 of the Intergovernmental Committee to give consideration

224 1773 965 68 to the Jewish problem in Rumania.

361 1865 1353 71 The most recent development in this connection

224 1968 1511 58 was the appearance of an announcement a few days ago

226 2063 1485 58 stating that the Minister of Cults had approved the

224 2155 1558 63 creation of a "bureau of propaganda and of emigration,

224 2247 1606 61 which will facilitate the departure of the Jews obliged

224 2342 1487 71 to leave the country as well as those who desire to

224 2434 1023 71 establish themselved in Palestine."

366 2621 1416 71 The attitude of the Romanian Government is, then,

224 2719 1543 60 that this surplus population of non-citizen Jews must

229 2819 1535 68 go; there is to be no pogrom, no violence, no brutal-

234 2911 1448 71 ity, but they must go. Until a place is found for

1561 3056 147 55 them
