1252 1653
184 235 595 65 The Hon. Viscount Samuel of Mount Carmel,

324 287 365 46 Council for German Jewry,

380 314 200 51 Woburn House,

408 348 281 54 Upper Woburn Place,

466 388 215 54 London, W.C.l.

180 411 73 60 Sir,

278 431 863 77 re the Interned Jews on board the Tug "Laortis", near Rajka.

237 489 944 50 We very much regret to hear the negative result of the Conference,

180 523 1020 62 as reported to our President, Mrs. Marie Schmolka, who has just returned

180 560 186 46 from London.

237 584 952 66 Mrs. Schmolka went to Paris and the whole matter was again reviewed

180 635 956 46 by Hicem, who came to the conclusion that there is no other way to

179 665 696 48 solve this question except by the plan proposed.

234 702 902 51 The families with many children cannot be sent to Argentine as

179 735 983 52 First Class Tourists as the expense would be far too great, for each

177 772 1006 54 person 11,500 Crowns, a family of six persons costing about Five hund-

179 809 296 46 red pounds sterling.

234 823 939 62 The situation of the people on board the tug is worse than anyone

179 873 994 52 can imagine, as can be seen from the enclosed copy of letter received

179 911 972 46 by us and also from what Mrs. Schmolka saw when she visited them on

180 950 996 47 board, and therefore, under the cirumstances, we feel that we cannot

179 984 1005 50 accept sole responsibility for these poor people but must pass some on

179 1012 536 56 to the shoulders of Jewry as a whole.

220 1046 954 64 Hoping to hear from you in the very near future that you have used

177 1089 749 66 your influence to favourably reconsider this matter.

501 1126 162 51 We remain,

588 1154 185 63 Yours truly.
