2482 3317
1696 5 453 122 J.No. 151.D.3.

1698 370 247 105 No. 95.

1341 450 988 127 Det jødiske Spørgsmaal i Ungarn.

1339 547 736 69 Ges. No. 200 af 7.6.43.

1347 591 598 105 U.M. J.No. 151.N.2.

451 959 1953 96 Kort Tid efter Udnævnelsen af Kabinett Sztojay bekendtgjordes

201 1058 2150 89 den 31. f.M. i den ungarske Statstidende nogle Dekreter, indeholdende

204 1163 2194 83 Skærpelser i de allerede gældende Bestemmelser angaaende Jødernes Stil-

204 1265 2147 89 ling i det ungarske Samfund, jfr. Gesandtskabets Indberetning No. 106

204 1359 698 106 af 27.3.42. og senere.

448 1453 1901 103 I Henhold til det første Dekret (Bilag 1) paabydes det enhver

204 1567 2147 85 Jøde, uden Hensyn til Køn, fra det fyldte 6' Aar uden for Hjemmet paa

204 1664 2211 102 den venstre Brystdel af Klædningen at bære en paasyet kanariegul Stjer-

201 1769 2173 85 ne af Stof med Diameter af 10 cm. Som Grundlag for, hvem der kvalifi-

204 1868 2123 89 ceres som Jøde, fastholdes Bestemmelserne i Racebeskyttelsesloven af

210 1968 2191 85 1941. Herfra undtages Jøder, som har modtaget højere Ærestegn for Del-

210 2078 2191 89 tagelse i den l' Verdenskrig, 75 Procents Krigsinvalider, endvidere Jø-

207 2175 2117 86 der, der har udmærket sig ved dered Optræden under Modrevolutionen i

210 2277 2139 78 Ungarn 1919 og ved Afstaaelsen af Statsomraade til den lille Ententes

213 2368 2158 92 Stater efter Verdenskrigen. - Ved et Dekret af 5. ds. (Bilag 2) ud-

204 2468 2175 99 videdes Undtagelserne til bl.a. at omfatte Jøder, som lever i Ægteskab

201 2576 2197 83 med Ikke-Jøder, og Enker efter Ikke-Jøder. Undtagelserne omfatter yder-

213 2670 2183 85 ligere de i Ungarn boende udenlandske Undersaater, som gennem Fremmed-

210 2780 2166 78 kontrolmyndighederne kan dokumentere deres udenlandske Statsborgerfor-

215 2877 2181 86 hold med et herfor udstedt Certifikat paa Grundlag af en Ansøgning ind-

210 2979 1361 94 givet af vedkommende Udenrigsrepræsentation.

235 3093 130 94 Til

384 3159 922 99 Det kgl. Udenrigsministerium.
