2483 4042
1105 232 141 101 -2-

303 333 1880 121 stemmelserne til de egentlige Jøder, og en mere radikal, der

303 441 1934 87 ønsker at befri Tyskland baade for Jøder og "Bastarder". Hvil-

303 515 1964 87 ken Retning der sluttelig vil gaa af med Sejren, er det umuligt

306 596 1961 84 at sige, men den radikale Retning synes i den senere Tid at ha-

306 663 1958 94 ve vundet Overhaand, navnlig vil den i 1942 indførte Bestemmel-

309 747 1961 81 se, hvorefter Halvjøder udelukkes fra Hæren, kunne faa skæbnes-

309 818 1924 81 svanger Betydning, idet man overvejer ved den endelige Udform-

309 892 1904 88 ning af Statsborgerbegrebet at knytte Retten til Udøvelsen af

309 973 1917 84 statsborgerlige Rettigheder til Værnepligt og Arbejdstjeneste,

309 1047 1901 84 saaledes at Mischlingene derigenrem, at de ikke har tjent, vil

309 1125 1837 84 blive afskaarne fra at nyde de statsborgerlige Rettigheder.

613 1195 1624 78 Embedsmand kan kun den blive, der er "deutschen oder

309 1276 1840 74 artverwandten Blutes" og, om han er gift, Hustruen opfylder

309 1340 1924 84 den samme Betingelse. Omend det maaske er tvivlsomt, om Misch-

313 1424 1870 81 lingen kan anses som værende udelukket af Fordringen om tysk

309 1498 1874 78 eller beslægtet Blod, har Praksis, der ogsaa kan støttes paa

316 1576 1883 81 Kravet om ubetinget "Zuverlässigkeit", udviklet sig saaledes,

313 1637 1927 90 at Mischlinge og Personer, der er gift med Mischlinge, udeluk-

309 1727 1850 78 kes fra Embesstanden, dog at Dispensation undertiden gives

313 1795 1893 84 for Personer af arisk Aftsamning, hvis Hustruen kun er Kvart-

320 1879 1863 74 jøde. Endvidere har visse Undtagelser været gjort for Perso-

320 1946 1890 81 ner, der var udnævnt før 1914, eller som aktivt har taget Del

313 2024 775 84 i den første Verdenskrig

650 2101 1627 71 Til Trods for, at der ikke i Lovgivningen findes no-

316 2172 1924 88 get Forbud mod, at Kvartjøder indgaar Ægteskab med Ikke-Jøder,

316 2250 1924 77 nægter "Standesämter"ne vistnok i Praksis at vie saadanne Per-

320 2330 1647 74 soner, memindre der foreligger en særlig Tilladelse.

643 2398 1631 77 Mischlingenes begrænsede Adgang til - for Halvjøders

313 2465 1873 98 Vedkommende totale Udelukkelse fra - den højere Undervisning

323 2553 1924 74 (derunger Fagskoler) vil i Fremtiden kunne faa de mest skæbne-

316 2620 1924 78 svangre Følger, idet Halvjøder herefter vil savne Forudsætnin-

313 2701 1502 87 gen for at blive andet end ufaglærte Arbejdere.

650 2778 1583 85 Mischlinge er udelukket fra at eje Arvebondegaarde,

316 2839 1927 91 idet hertil kræves arisk Aftsamming siden 1800. Med Hensyn til

316 2930 1813 74 andre Landejendomme findes intet Forbud, men i Praksis vil

309 2997 1907 81 Mischlinge formentlig i Almindelighed blive tvunget ud af Be-

316 3071 1927 81 siddelsen af saadanne Ejendomme. Det samme gælder Jøders ikke-

316 3149 607 84 jødiske Ægtefæller.

670 3223 1570 77 Mischlinge og ikke-jødiske Ægtefæller har i og for

313 3297 1930 81 sig fri Adgang til de private Erhverv. No get andet er, at de i

316 3375 1927 77 Praksis ofte vil blive trængt ud fra Virksomheder af nogen Be-

316 3449 1968 87 tydning, navlig indenfor Rustningsindustrien, bl.a. derigennem,

313 3516 1927 88 at Firmaer, der inchaves af saadanne Personer, eller indenfor

309 3597 2049 101 hvilke de spiller en større Rolle, vil blive udelukket fra offent-

313 3678 397 87 lige Ordrer.
