1245 1658
610 46 93 41 - 3 -

245 136 947 57 er forbudt. Jeg mener derfor, at vi gør klogest i at lade disse

244 193 916 50 Sager ligge som haabløse og spare/ den meget ringe good will,

237 248 934 46 vi har, til Sager om danske Jøder med Tilknytning til Danmark.

236 297 942 45 Selv for disses Vedkommende kan det være svært nok, da man fra

240 348 911 44 tysk Side forventer, at et nærtstaaende Lands Regering viser

237 397 897 43 Forstaaelse for den tyske Indstilling, jfr. Minister Mohr's

237 451 952 40 Brev af 28. April d.A. til Udenrigsministeriets Direktør vedrø-

239 502 909 43 rende Artikler i "Kamptegnet", der efter min Mening er meget

237 548 218 43 illustrerende.

385 602 792 43 Den Udvej, De antyder, at lade Generalkonsulatet gaa

236 652 941 40 til Politiet, maa ogsaa betrædes med megen Forsigtighed. Poli-

237 707 965 40 tiet har i flere Tilfælde afvist saadanne Henvendelser fra Gene-

234 754 925 41 ralkonsulatet og henvist dette til at foranledige, at Spørgs-

233 805 985 40 maalet blev taget op ad diplomatisk Vej. Det er ogsaa forekommet,

233 856 969 39 at Politimyndighederne overfor Generalkonsulatet har sagt, at de

236 907 966 40 vilde se sig nødsaget til at sikre sig Vedkommendes Person, saa-

233 963 952 37 fremt fun vedblev at genere dem med Ansøgninger. Vi naar herved

234 1008 980 40 til et Punkt, som jeg er bange for, man hidtil har Opmærksomheden

233 1059 967 42 for lidt henledt paa hjemme. De Personer, der søger vor og Uden-

233 1108 953 47 rigsministeriets Bistand, har some Regel forinden eller samtidig

227 1152 980 50 forsøgt alle mulige Udveje. Resultatet nemt en Irritation

232 1203 953 44 hos Myndighederne, der kan faa skæbnesvangre Følger for de paa-

232 1261 939 43 gældende. Man risikerer, at Myndighederne for at blive fri for

230 1311 973 43 mere Vrøvl sender de paagældende afsted til Gouvernementet eller

232 1359 941 43 til Theresienstadt. Endvidere er der jo Risikoen for 1) at den

230 1410 969 40 relativt skaansomme Behandling, der hidtil er blevet udenlandske

230 1453 968 47 Jøder til Del, afløses af en skarpere Kurs og 2) at Spørgsmaalet

230 1500 966 59 om Forholdsregler mod Jøder i Danmark blover aktuelt. Det kan jo
