2531 4056
1021 104 190 108 - 2 -

514 216 1688 152 Man kunde ikke undlade at mærke paa den af Legionærerne

280 331 1919 155 kontrollerede Presse, at der gjordes Propaganda for Revolution,

284 446 1847 135 d.v.s. yderligere Udplyndring af de besiddende Klasser og da

287 537 1445 155 navnlig af Jøderne samt nytilkommet Frimurerne.

524 638 1746 136 Da det aabenbart sluttelig var gaaet op for Statsføreren,

297 730 1902 165 at den samlede Situation, under hvilken han regerede med nogle

297 845 1899 138 Ministre i een Retning, d.v.s. paa Basis af det bestaaende for

279 964 1897 120 Evolution, mens Viceministeren, Legionærkommandant Horia Sima

845 926 203 88 stats

304 1030 2044 153 med andre Ministre regerede i Retning ad Revolution of øjeblikkelig

307 1139 1939 158 Udplyndring af det bestaaende, var uholdbar, fremkom som første

318 1240 1989 145 alvorlige Modforholdsregel fra Statsførerens Side den 21. d.M. et

311 1341 1993 146 Dekret, ved hvilket Legionærernes Hovedindsats, den i min ovenfor

324 1456 1855 132 citerede ærbødige Beretning omtalte Rumæniseringsinstitution,

328 1537 1976 153 afskaffedes, samtidig med at en lang Række for Staten betydnings-

328 1669 1079 135 fulde Foretagender militariseredes.

565 1754 1732 142 Svaret paa denne forholdsvis fredelige Handling blev, at

328 1845 2033 142 Legionærpartiet den 22. d.M. med 600 Mand besatte en Politikaserne,

338 1960 1918 132 der er beliggende umiddelbart ved Siden af Udenrigsministeriet,

338 2051 2027 156 hvor Statsføreren har sit Bureau saavel som sin midlertidige Bolig.

341 2190 846 118 Dermed var Oprøret begyndt.

585 2261 1719 138 Det viste sig hurtigt, at Legionærerne var vel forsynede

348 2369 1908 122 med Geværer of Ammunition, samt at de havde forberedt Aktionen

355 2470 1949 129 ved forud at have besat Huse, der var taget fra velhavende Jøder

358 2558 1932 139 i alle Bydele. Den af General Antonescu udkommanderede Garnison

358 2676 1959 136 lykkedes det i sidste øjeblik at indtage Politikasernen, hvorfra

358 2771 1980 142 Legionærerne angreb Udenrigsministeriet med det Formaal at ihjæl-

368 2896 488 122 slaa Generalen.

598 2974 1746 122 Det første Døgn søgte Militæret at undgaa Skydning aaben-

368 3072 1983 132 bart med det Formaal at virke alene ved sin Tilsynekomst. Da Sol-

375 3173 2034 139 daterne imidlertid overalt blev nedskudt, udviklede der sig i Løbet

378 3302 2010 132 af det andet Døgn en almindelig Kamp over hele Byen, under hvilken

375 3423 1956 136 Militæret med Kanoner, Tanks og Maskingeværer beskød Legionærer-

382 3555 602 125 nes befæstede Huse.

615 3643 1723 129 Der var mange Døde og Saarede paa begge Sider; hvormange
