2502 4055
1149 324 122 71 -3-

615 412 1464 108 Der har til Stadighed i Berlin gaaet Rygter om

280 510 1826 91 yderligere Foranstaltninger mod Jøderne, f .Eks. hedder det

284 591 1876 84 sig, at der skal være udarbejdet en Love, hvorvet det paalæg-

287 662 1937 88 ges Ariere, der er gift med Jøder, at lade sig skille, hvoref-

290 729 1911 95 ter Jødelovgivningen i sit fulde Umfang skulde sættes i Kraft

290 807 1995 91 ogsaa for den Gruppe Jøder, der hidtil har faaet Love til at bli-

287 892 1964 81 ve, fordi de var gift med Ariere. Endvidere har der gaaet Ryg-

290 969 1897 78 ter om visse Foranstaltninger mod Halvjøder. Navnlig er det p

290 1044 1988 77 Tale, at Mischlinge i Byer, hvor Blignøden som Følge af Ødelæg-

287 1115 1941 84 gelser ved Luftangreb er stor, skal sættes ud af deres Lejlig-

290 1192 1968 81 heder. Om hvorvidt dette vil blive til noget, er det umuligt at

290 1270 1914 81 spaa. Man har dog med en vis Ængstelse bemærket, at Kampagnen

290 1341 1995 85 mod Jøderne i Pressen nu atter et taget stærkt til. Man bemærker

290 1419 1995 77 saaledes, at Mischlinge i den sidste Tid, saavidt vides for før-

294 1496 1930 75 ste Gang er blevet betegnet som "Ba    er" Den Omstændighed,

290 1567 1982 88 at Mischlingeproblemet i væsentlig Grad er et Overklasseproblem.

290 1645 1941 78 da de blandede Ægteskaber fortrinsvis har fundet Sted indenfor

290 1716 1907 98 Bourgeoisiet, kan ogsaa faa en uheldig Indvirkning paa Misch-

294 1801 588 87 lingenes Stilling.

1149 1902 132 64 -o-
