2521 3368
454 345 1659 101 under B. IV til VII fremstillede Regler gælder i hele

454 457 1629 107 Ostland. Gesandtskabet har dog ment at burde afstaa

451 558 1629 95 fra at foretage en Undersøgelse af, i hvilket Omfang

451 645 1657 115 de er gældende overalt, da deres Anvendelighed paa de

449 766 1751 92 fleste Steder er utvivlsom, og det formentlig mere er de

446 867 1693 87 almindelige Principper, der af Myndighederne er blevet

446 968 1687 118 lagt til Grund ved Udfærdigelsen af de særlige Bestem-

443 1074 823 68 melser, der har Interesse.

600 1178 1508 113 A. Der ses ikke hidtil at være udfærdiget nogen

443 1274 1794 84 Forskrift om, hvad der skal forstaas ved Udtrykket "Jøde".

443 1378 1715 112 Man vil dog formentlig kunne gaa ud fra, at der ved Be-

443 1481 1771 127 stemmelsen af dette Begreb i Ostland anvendes tilsvarende

440 1585 1718 127 Principper, som i Tyskland, paa samme Maade som det var

437 1684 1721 117 Tilfældet, da der blev indført en særlig Jødelovgivning

435 1787 1779 132 i Generalgouvernementet, jfr. Gesandtskabets Indberetning

437 1891 1749 135 No.707 af 15.Marts f.A. Som Jøder skulde herefter blive

437 1989 191 68 anset

586 2096 1626 126 I. Personer, der efter tyskerigsretlige Forskrifter

435 2197 1749 110 er eller anses for Jøder, jfr. herved tysk Forordning af

432 2298 1802 126 14.November 1935 (indsendt med Gesandtskabets Indberetning

418 2405 1788 126 Nr.2208 af 15.November 1935). Der er her kun Tale om ty-

432 2500 547 70 ske Statsborgere.

578 2604 1631 115 II. tidligere russiske Statsborgere eller statsløse

426 2705 1845 115 Personer der 1) enten nedstammer efter mindst 3 fuldjødiske

426 2809 1890 118 Bedsteforældre, 2) eller nedstammer fra 2 fuldjødiske Bedste-

421 2907 1841 110 forældre, a) naar Vedkommende den 22.Juni 1941 tilhørte det

423 3014 1775 95 jødiske Trossamfund eller senere er optaget deri, eller b)

421 3118 631 84 er gift med en Jøde.
