2519 4068
1139 30 81 98 2.

325 213 1905 142 A. Instruktion fra Generalsekretæren i Indenrigsministeriet af

417 342 1803 105 30. September 1940 verdrørende offentlig Administration m.v.

423 444 1065 105 (Indb. Nr. 96 af 15. Oktober 1940)

718 545 929 85 Instruktionen bestemmer bl.a.:

566 633 1688 92 1. Personer, der er helt eller delvis af jødisk Afstam-

654 722 1410 105 ning, maa ikke mere ansættes eller forfremmes.

569 855 1797 77 2. Personer, hvis Ægtefæller er af hel eller delvis/Afstam-

2047 783 210 81 jødisk

657 945 1265 88 ning, maa ikke ansættes eller forfremmes.

572 1030 1797 98 3. Personer, der gifter sig med en Person af hel eller del-

664 1132 1258 115 vis jødisk Afstamning, afskediges straks.

718 1240 1624 102 Ifølge Instruktionen anses en Person ikke for at være

420 1325 1875 112 Jøde, saafremt ingen af hans fire Bedsteforældre, saavidt ham

423 1440 1953 116 bekendt, har været Medlem eller midlertidigt Medlem af en jødisk

427 1556 301 105 Menighed.

718 1630 1651 109 Det bemærkes, at det ikke af det foreliggende Materia-

420 1752 1875 95 le kan ses, om den nævnte Instruktion, der opstiller et andet

420 1850 1956 116 Kriterium for Jødebegrebet end de senere Forordninger, er blevet

423 1962 255 99 ændret.

335 2139 2014 118 B. Forordning Nr. 189 af 22. Oktober 1940 om Anmeldelse af Foreta-

423 2257 1339 99 gender (Indb. Nr. 145 af 28. November 1940)

722 2345 1654 105 Forordningens § 4 angiver følgende Kriterium for Jøde-

430 2423 305 129 begrebet:

572 2539 1652 108 1. Den, som har 3 fuldjødiske Bedsteforældre, er Jøde.

572 2654 1875 122 2. Den, som har to fuldjødiske Bedsteforældre, anses for Jøde,

667 2759 472 95 naar han enten

715 2850 1580 119 a. 9. Maj 1940 tilhørte den jødiske Menighed, eller

813 2966 912 91 senere er optaget deri, eller

722 3051 1627 115 b. den 9. Maj 1940 var gift med en Jøde, eller senere

813 3162 461 105 er blevet det.

572 3251 1767 122 3. En Bedstefader eller -moder anses uden videre for Jøde,

664 3369 1380 88 naar Vidkommende har tilhørt jødisk Menighed.

725 3461 1675 125 Ifølge Forordningens § 2 skal følgende Foretagender an-

427 3562 1088 109 meldes til "Wirtschaftsprüfstelle":

572 3661 1058 112 1. jødiske Enkeltmandsforetagender
