1239 2016
687 85 64 47 -3-

408 161 748 67 Bestyrelsesformanden er Jøde, eller/en tilforord-

408 226 720 52 net Administrator eller mere end 1/3 af Besty-

408 272 259 57 relsen er Jøder.

495 320 688 59 Et Foretagende kan erklæres for jødisk, saa-

403 379 751 56 fremt det overvejende staar under jødisk Indfly-

406 426 106 47 delse.

494 478 647 51 Der kan indsættes kommissarisk Ledelse af

403 525 336 46 jødiske Foretagender.

492 579 654 52 Det er forbudt at opbevare jødisk Ejendom,

401 630 735 47 og Personer, der er i Besiddelse af eller opbe-

401 680 762 50 varer saadan Ejendom, skal anmelde det. Det samme

398 732 442 42 gælder Fordringer mod Jøder.

489 779 674 55 Overtrædelse af Anmeldelsespligten straffes

395 818 807 69 med Fængsel, Pengebøder og i alvorlige Tilfæde med

396 876 382 53 Tugthus eller Dødsstraf.

485 927 690 55 Saafremt den kommissariske Administration af

395 969 776 62 jødisk Ejendom i Henhold/dertil modtagen Autorisa-

393 1024 750 61 tion afhænder saadan Ejendom, skal Provenuet an-

391 1076 737 54 vendes til: 1) Betaling af forfaldne eller ude-

391 1128 794 53 staaende Skatter eller andre offentlige Afgiftsfor-

390 1179 803 54 pligtelser paahvilende den hidtidige Ejer. 2) Udlig-

390 1226 763 55 ning af Kreditorfordringer. 3) Eventuelt herefter

388 1276 753 52 tilbageblivende Overskud skal indbetales til et

386 1330 779 54 dertil udpeget Bankforetagende paa en spærret Kon-

384 1380 518 49 to i Favør af den hidtidige Ejer.

87 1412 313 68 Anvendelse af jødisk

184 1453 105 45 Formue.

474 1446 674 66 Formue, der har tilhørt Jøder, der har været

383 1505 761 52 tyske Statsborgere, tilfalder det tyske Rige, der

379 1555 767 51 hefter for den paagældend Formues Gæld, medmindre

379 1602 643 51 dette strider mod den tyske Folkefølelse.

467 1656 664 47 Formue, tilhørende Jøder, der den 15.April

376 1698 753 57 1941 var jugoslaviske Statsborgere eller uden at

376 1753 767 58 have været tyske Statsborgere var statsløse, til-

374 1802 779 54 falder Serbien, der hefter for den Formuen paahvi-

376 1849 182 47 lendd Gæld.

460 1906 627 62 Det kan tilføjes, at der saavidt bekendt
