2520 3344
1048 242 245 75 Blad 2.

549 390 1728 100 Saafremt en af Bedsteforældrene har tilhørt det jødiske

395 493 1715 103 Trossamfund, vil han (hun) blive betragtet som Fuldjøde.

549 599 1023 92 Jødiske "Mischlinge" skulde være

549 702 1689 92 I. Personer, der efter rigsretlige Forskrifter er jø-

395 796 1996 106 diske "Mischlinge", jfr. de fornævnte Forordning af 14.November

393 902 761 87 1935 og det der anførte.

543 1005 1781 98 II. tidligere russiske Statsborgere eller statsløse Per-

393 1109 1903 94 soner, der nedstammer fra en eller 2 fuldjødiske Bedsteforæl-

390 1206 1929 103 dre, med mindre de efter det ovenfor anførte vil blive betrag-

393 1315 451 89 tet som Jøder.

540 1412 1717 98 B.I. Ved den fornævnte af Rigskommissæren under 13.Ok-

387 1513 1896 100 tober f.A. udfærdigede Anordning om Behandling af jødisk For-

384 1613 1873 114 mue i Rigskommissariatet Ostland er al Formue tilhørende den

384 1722 1868 89 jødiske Befolkning blevet undergivet Beslaglæggelse, kommis-

379 1822 1931 100 sarisk Forvaltning og Konfiskation efter de i Anordningen nær-

376 1922 1932 115 mere indeholdte Bestemmelser. Til Formue henregnes Formuegen-

379 2025 1842 101 stande af enhver Art, saasom fast Ejendom og Løsøre med alt

376 2123 1868 109 Tilbehør samt Fordringer, Rettigheder og alle Slags Interes-

376 2226 148 92 ser.

524 2332 1661 100 Beslaglæggelsesretten tilkommer Rigskommissæren eller

370 2435 1784 98 den Myndighed, som han dertil bestemmer. Den kan omfatte

373 2538 1806 95 enkelte Personer eller Jøderne som Helhed, og den kan ind-

373 2636 1832 106 skrænkes til enkelte Formuegenstande. Undtaget fra Beslag-

367 2739 1863 100 læggelsen er den Del af Bohavet, som tjener til den nødtørf-

370 2842 1804 100 tige, personlige Livsførelse samt kontante Beløb, Bank- og

367 2942 1748 103 Sparekasseindskud og Værdipapirer til en samlet Værdi af

365 3051 301 92 Rmk. 100.
