697 1128
140 58 61 43 Mir/N

387 165 223 33 Ø P I. J.No. 135.D.10.a.

295 210 324 33 Notits vedrørende Jødelovgivningen i

241 239 386 39 Serbien efter Jugoslaviens aktive Indtræden

242 272 201 27 i Krigen den 6/4 1941.

292 331 386 38 Lovgivningen i Serbien vedr. Jødespørgsmaa-

238 361 440 35 let har Form af Forordninger udstedt af den tyske

239 388 426 36 Militærbefalingshaver i Serbien, og Offentliggø-

239 423 418 30 relsen fandt Stedt i den tyske Militærbefalings-

239 450 295 30 havers Forordningsblad i Serbien.

42 465 146 47 Begrebet Jøder.

285 478 365 34 Ifølge Forordning af 30/5 1941 betragtes

239 502 99 30 som Jøder:

239 532 425 33 1) Personer, der har mindst 3 jødiske Bedstefor-

263 556 390 30 ældredele. Som Jøder anses Bedsteforældrene,

266 579 389 27 , saafremt de ifølge Race er fuldblods jødi-

264 596 413 32 ske eller tilhører, henholdsvis har tilhørt den

265 622 213 28 jødiske Trosbekendelse.

239 643 407 36 2) Ligestillet med Jøder er jødiske "blandede"

265 671 396 30 (Mischlinge) med l eller 2 jødiske Bedstefor-

263 690 366 30 ældredele, som efter den 5.April 1941 har

263 710 372 34 tilhørt eller er tiltraadt et jødisk Tros-

264 736 79 24 samfund.

237 760 391 30 3) Jødiske "blandede", som er gift med eller

262 783 285 30 indgaar Ægteskab med en Jødinde.

36 798 163 38 Anmeldelsespligt.

278 811 364 31 Jøder skal senest 14 Dage efter Bekendt-

233 839 410 30 gørelsen anmelde sig til Jøderegistret i deres

233 862 194 29 paagældende Kommuner.

42 890 100 36 Kendetegn.

282 896 367 29 Jøder skal være forsynet med et gult Arm-

233 923 242 30 bind paatrykt Ordet "Jøde".

51 934 161 53 Bevægelsesforbud.

274 952 353 29 Det et forbudt Jøder at besøge Teatre,

232 976 416 34 Biografer, enhver Form for Forlystelsesetablis-

232 1010 408 28 sementer, Folkebadeanstalter, Sportspladser og

231 1038 401 31 offentlige Markeder samt Værtshuse, medmindre

230 1068 410 34 sidstnævnte er autoriserede som Beværtning for
