2507 4059
1126 33 78 95 3.

605 213 1756 111 2. Kommanditselskaber, naar mindst 1 Kommanditist er Jøde.

615 345 1705 87 3. Foretagender, der drives af juridiske Personer, eller

700 443 910 88 Kommanditaktieselskaber, naar

751 534 1566 105 a. 1 af Tilsynsmedlemmerne eller de repræsenterende

852 652 548 82 Organer er Jøder,

757 744 1540 88 b. 1/4 af Kapitalen eller 1/2 af det samlede Antal

608 947 1811 98 4. Foretagender, der drives af Fonds og lign., som omfattes

849 849 602 91 Stemmer er jødiske.

703 1051 1496 88 af de under 1., 2. eller 3. angivne Bestemmelser.

619 1146 1803 105 5. Foretagender, som faktisk staar under overvejende jødisk

707 1254 395 75 Indflydelse.

382 1427 1986 139 C. Forordning Nr. 231 af 19/12 1940 indeholdende Forbud mod Beskæf-

470 1555 1881 109 tigelse af Tyskere i jødiske Husholdninger. (Indb. Nr. 5 af 7.

477 1664 422 94 Januar 1941).

764 1741 1567 99 Det er forbudt tyske Statsborgere eller Personer af

473 1860 1932 84 tysk eller dermed beslægtet Afstamning at udføre Arbejde i Fami-

470 1961 1888 82 lier, der har en Jøde til Overhoved, eller hvor en Jøde enten

473 2049 1962 98 til Stadighed eller for et uafbrudt Tidsrum af mindst 4 Uger til-

477 2158 805 94 hører Familiefællesskabet.

392 2340 1898 125 D. Forordning Nr. 6 af 10. Januar 1941 om Anmeldelsespligt for

470 2469 1844 98 Personer, der helt eller delvis er af jødisk Blod. (Indb. Nr.

470 2574 727 94 21 af 25. Januar 1941).

764 2665 1567 95 Personer af hel eller delvis jødisk Afstamning skal

477 2770 835 81 tilmeldes særlige Registre.

768 2848 1634 108 Hel eller delvis jødisk Afstamning omfatter ogsaa Per-

477 2969 1843 88 soner, der har 1 fuldjødisk Bedstefader eller -moder (§ 2,1).

473 3067 1820 88 Bedsteforældre anses uden videre for fuldjødiske, hvis de ha

473 3162 958 102 tilhørt jødisk Menighed (§ 22).

764 3253 1570 112 I Tvivlstilfælde afgør Rigskommisæren, om en Person

470 3368 994 95 er helt eller delvis Jøde (§ 3).

768 3453 1505 132 Anmeldelsen skal ske skriftligt og inde'holde Ved-

477 3561 598 129 kommendes Data m.v.
